timestamp,symbol,price,bid,ask,bid_size,ask_size,volume
2024-01-02T09:30:00,AAPL,181.880941,181.862753,181.899129,316.93,336.34,144.89
2024-01-02T09:30:00,MSFT,374.021421,373.984019,374.058824,114.97,319.15,126.24
2024-01-02T09:30:00,GOOGL,140.02444,140.010438,140.038443,433.21,141.55,144.98
2024-01-02T09:30:00.100000,AAPL,181.911788,181.893597,181.92998,427.47,477.69,72.31
2024-01-02T09:30:00.100000,MSFT,374.181392,374.143974,374.21881,386.43,322.27,190.26
2024-01-02T09:30:00.100000,GOOGL,140.021064,140.007062,140.035066,140.66,129.09,155.07
2024-01-02T09:30:00.200000,AAPL,181.918152,181.89996,181.936344,476.7,216.58,77.82
2024-01-02T09:30:00.200000,MSFT,374.11324,374.075829,374.150651,178.72,374.08,164.22
2024-01-02T09:30:00.200000,GOOGL,140.079962,140.065954,140.09397,76.44,52.24,196.81
2024-01-02T09:30:00.300000,AAPL,181.934374,181.916181,181.952567,235.31,330.02,134.06
2024-01-02T09:30:00.300000,MSFT,374.177101,374.139684,374.214519,449.53,56.44,105.1
2024-01-02T09:30:00.300000,GOOGL,140.088828,140.074819,140.102836,399.83,322.02,105.04
2024-01-02T09:30:00.400000,AAPL,181.856324,181.838138,181.874509,191.76,194.2,24.0
2024-01-02T09:30:00.400000,MSFT,374.065051,374.027644,374.102457,158.44,175.87,144.51
2024-01-02T09:30:00.400000,GOOGL,140.106982,140.092972,140.120993,67.62,61.72,19.29
2024-01-02T09:30:00.500000,AAPL,181.825579,181.807396,181.843761,157.13,262.08,191.82
2024-01-02T09:30:00.500000,MSFT,374.075565,374.038157,374.112972,423.38,281.02,37.92
2024-01-02T09:30:00.500000,GOOGL,140.078241,140.064233,140.092249,342.44,452.74,123.81
2024-01-02T09:30:00.600000,AAPL,181.877738,181.85955,181.895925,239.09,211.96,110.11
2024-01-02T09:30:00.600000,MSFT,374.146301,374.108887,374.183716,361.45,381.83,136.3
2024-01-02T09:30:00.600000,GOOGL,140.170494,140.156477,140.184511,74.21,115.77,58.55
2024-01-02T09:30:00.700000,AAPL,181.88365,181.865462,181.901838,164.21,257.06,161.3
2024-01-02T09:30:00.700000,MSFT,374.042111,374.004707,374.079515,275.81,184.5,50.8
2024-01-02T09:30:00.700000,GOOGL,140.170926,140.156909,140.184943,193.82,217.11,161.38
2024-01-02T09:30:00.800000,AAPL,182.003221,181.985021,182.021421,117.59,189.7,114.0
2024-01-02T09:30:00.800000,MSFT,373.90829,373.870899,373.945681,121.82,274.95,157.28
2024-01-02T09:30:00.800000,GOOGL,140.218528,140.204506,140.23255,354.78,110.12,110.8
2024-01-02T09:30:00.900000,AAPL,181.979849,181.961651,181.998047,291.53,114.8,103.78
2024-01-02T09:30:00.900000,MSFT,374.139225,374.101812,374.176639,301.35,353.92,108.28
2024-01-02T09:30:00.900000,GOOGL,140.170362,140.156345,140.184379,339.12,350.71,70.63
2024-01-02T09:30:01,AAPL,181.852876,181.834691,181.871061,334.12,247.47,119.38
2024-01-02T09:30:01,MSFT,374.056613,374.019208,374.094019,457.8,72.9,45.69
2024-01-02T09:30:01,GOOGL,140.229159,140.215136,140.243182,127.07,221.68,160.22
2024-01-02T09:30:01.100000,AAPL,181.811219,181.793038,181.8294,210.62,151.64,79.25
2024-01-02T09:30:01.100000,MSFT,374.054832,374.017427,374.092238,179.88,79.8,137.09
2024-01-02T09:30:01.100000,GOOGL,140.220462,140.20644,140.234484,477.25,145.8,21.38
2024-01-02T09:30:01.200000,AAPL,181.852476,181.83429,181.870661,84.58,189.14,19.84
2024-01-02T09:30:01.200000,MSFT,374.073134,374.035726,374.110541,232.7,190.95,131.48
2024-01-02T09:30:01.200000,GOOGL,140.260611,140.246585,140.274637,155.71,82.02,107.99
2024-01-02T09:30:01.300000,AAPL,181.80604,181.787859,181.82422,107.66,497.47,30.7
2024-01-02T09:30:01.300000,MSFT,373.927898,373.890505,373.965291,393.34,477.17,181.46
2024-01-02T09:30:01.300000,GOOGL,140.168654,140.154637,140.18267,344.34,168.25,37.69
2024-01-02T09:30:01.400000,AAPL,181.894619,181.87643,181.912809,71.75,269.65,169.15
2024-01-02T09:30:01.400000,MSFT,373.735279,373.697906,373.772653,82.3,120.83,50.2
2024-01-02T09:30:01.400000,GOOGL,140.142431,140.128416,140.156445,375.96,178.97,158.07
2024-01-02T09:30:01.500000,AAPL,181.877219,181.859031,181.895407,277.71,265.33,147.41
2024-01-02T09:30:01.500000,MSFT,373.73562,373.698246,373.772993,253.5,76.95,146.25
2024-01-02T09:30:01.500000,GOOGL,140.095245,140.081235,140.109254,55.43,290.58,164.23
2024-01-02T09:30:01.600000,AAPL,181.839072,181.820888,181.857256,401.74,359.67,25.95
2024-01-02T09:30:01.600000,MSFT,373.96231,373.924913,373.999706,255.94,104.69,138.94
2024-01-02T09:30:01.600000,GOOGL,140.094961,140.080951,140.10897,152.25,417.34,94.47
2024-01-02T09:30:01.700000,AAPL,181.809114,181.790933,181.827295,69.46,391.29,91.12
2024-01-02T09:30:01.700000,MSFT,373.861102,373.823716,373.898488,486.48,272.62,64.95
2024-01-02T09:30:01.700000,GOOGL,140.065554,140.051547,140.07956,135.31,71.51,39.89
2024-01-02T09:30:01.800000,AAPL,181.794512,181.776333,181.812692,344.92,195.16,34.42
2024-01-02T09:30:01.800000,MSFT,373.69144,373.654071,373.728809,369.1,172.56,129.88
2024-01-02T09:30:01.800000,GOOGL,140.05654,140.042534,140.070545,469.67,245.07,140.21
2024-01-02T09:30:01.900000,AAPL,181.827271,181.809088,181.845454,433.16,64.71,34.6
2024-01-02T09:30:01.900000,MSFT,373.665599,373.628232,373.702965,338.08,186.24,188.32
2024-01-02T09:30:01.900000,GOOGL,140.09987,140.08586,140.11388,309.72,316.59,23.02
2024-01-02T09:30:02,AAPL,181.874387,181.8562,181.892575,164.19,344.1,130.06
2024-01-02T09:30:02,MSFT,373.608733,373.571372,373.646094,437.57,184.2,110.99
2024-01-02T09:30:02,GOOGL,140.111565,140.097554,140.125576,66.16,302.01,102.58
2024-01-02T09:30:02.100000,AAPL,181.990434,181.972235,182.008633,163.11,281.57,141.85
2024-01-02T09:30:02.100000,MSFT,373.347709,373.310374,373.385043,341.95,132.62,189.02
2024-01-02T09:30:02.100000,GOOGL,140.115327,140.101315,140.129338,290.59,395.46,22.94
2024-01-02T09:30:02.200000,AAPL,181.815296,181.797114,181.833477,52.89,355.0,123.98
2024-01-02T09:30:02.200000,MSFT,373.278488,373.24116,373.315816,379.47,282.01,44.59
2024-01-02T09:30:02.200000,GOOGL,140.20599,140.19197,140.220011,405.78,140.37,111.96
2024-01-02T09:30:02.300000,AAPL,181.920606,181.902414,181.938798,180.84,67.76,51.19
2024-01-02T09:30:02.300000,MSFT,373.180725,373.143407,373.218043,266.94,476.33,78.03
2024-01-02T09:30:02.300000,GOOGL,140.240852,140.226828,140.254876,433.94,65.47,115.43
2024-01-02T09:30:02.400000,AAPL,182.003941,181.98574,182.022141,407.1,431.26,187.62
2024-01-02T09:30:02.400000,MSFT,373.064438,373.027131,373.101744,186.88,411.3,131.61
2024-01-02T09:30:02.400000,GOOGL,140.20511,140.19109,140.219131,120.73,193.74,113.08
2024-01-02T09:30:02.500000,AAPL,182.057535,182.039329,182.075741,225.81,295.87,111.08
2024-01-02T09:30:02.500000,MSFT,373.075184,373.037876,373.112491,473.9,136.42,157.5
2024-01-02T09:30:02.500000,GOOGL,140.151166,140.137151,140.165182,492.07,250.88,163.2
2024-01-02T09:30:02.600000,AAPL,181.935193,181.917,181.953387,55.6,139.23,157.43
2024-01-02T09:30:02.600000,MSFT,373.231628,373.194305,373.268951,282.45,288.07,60.06
2024-01-02T09:30:02.600000,GOOGL,140.182824,140.168805,140.196842,90.47,438.8,39.65
2024-01-02T09:30:02.700000,AAPL,181.856466,181.838281,181.874652,363.9,420.27,48.15
2024-01-02T09:30:02.700000,MSFT,373.114411,373.077099,373.151722,315.69,220.25,168.28
2024-01-02T09:30:02.700000,GOOGL,140.168343,140.154327,140.18236,429.87,260.22,165.24
2024-01-02T09:30:02.800000,AAPL,181.867095,181.848908,181.885282,306.59,52.72,87.38
2024-01-02T09:30:02.800000,MSFT,373.072157,373.03485,373.109465,128.49,309.42,110.16
2024-01-02T09:30:02.800000,GOOGL,140.209828,140.195807,140.223849,355.78,390.92,53.4
2024-01-02T09:30:02.900000,AAPL,181.8908,181.872611,181.908989,142.8,318.13,196.22
2024-01-02T09:30:02.900000,MSFT,373.108328,373.071017,373.145638,273.92,480.48,113.75
2024-01-02T09:30:02.900000,GOOGL,140.209493,140.195472,140.223514,148.37,387.74,187.64
2024-01-02T09:30:03,AAPL,182.000097,181.981897,182.018297,130.87,146.48,40.85
2024-01-02T09:30:03,MSFT,373.258071,373.220746,373.295397,371.91,172.46,77.66
2024-01-02T09:30:03,GOOGL,140.242198,140.228174,140.256222,462.57,82.03,108.04
2024-01-02T09:30:03.100000,AAPL,182.045368,182.027164,182.063573,260.46,244.68,96.2
2024-01-02T09:30:03.100000,MSFT,373.13478,373.097467,373.172094,415.67,441.34,178.09
2024-01-02T09:30:03.100000,GOOGL,140.259864,140.245838,140.27389,182.16,243.55,171.25
2024-01-02T09:30:03.200000,AAPL,181.965916,181.947719,181.984113,94.56,267.02,123.71
2024-01-02T09:30:03.200000,MSFT,373.082921,373.045613,373.120229,54.42,472.58,70.7
2024-01-02T09:30:03.200000,GOOGL,140.229526,140.215503,140.243549,193.5,91.66,52.77
2024-01-02T09:30:03.300000,AAPL,182.029983,182.01178,182.048186,123.47,449.08,189.72
2024-01-02T09:30:03.300000,MSFT,373.012124,372.974823,373.049425,191.06,152.31,157.72
2024-01-02T09:30:03.300000,GOOGL,140.312186,140.298155,140.326217,399.41,315.26,159.68
2024-01-02T09:30:03.400000,AAPL,182.088518,182.070309,182.106726,237.2,228.63,179.32
2024-01-02T09:30:03.400000,MSFT,373.048553,373.011248,373.085857,98.67,427.92,110.02
2024-01-02T09:30:03.400000,GOOGL,140.34619,140.332156,140.360225,447.26,199.98,198.82
2024-01-02T09:30:03.500000,AAPL,182.119605,182.101393,182.137817,222.56,351.9,21.36
2024-01-02T09:30:03.500000,MSFT,372.858139,372.820853,372.895425,294.55,89.17,79.99
2024-01-02T09:30:03.500000,GOOGL,140.361177,140.347141,140.375213,338.03,398.14,100.05
2024-01-02T09:30:03.600000,AAPL,182.173171,182.154953,182.191388,227.14,86.0,31.74
2024-01-02T09:30:03.600000,MSFT,372.705792,372.668522,372.743063,300.14,250.35,23.59
2024-01-02T09:30:03.600000,GOOGL,140.319801,140.305769,140.333833,253.88,94.74,191.0
2024-01-02T09:30:03.700000,AAPL,182.111187,182.092976,182.129398,170.81,236.57,39.88
2024-01-02T09:30:03.700000,MSFT,372.777221,372.739943,372.814499,406.42,319.53,42.39
2024-01-02T09:30:03.700000,GOOGL,140.257447,140.243421,140.271472,464.44,85.25,14.78
2024-01-02T09:30:03.800000,AAPL,182.110947,182.092735,182.129158,261.05,441.96,142.83
2024-01-02T09:30:03.800000,MSFT,372.895164,372.857875,372.932454,171.24,390.61,22.94
2024-01-02T09:30:03.800000,GOOGL,140.28725,140.273221,140.301278,301.51,201.92,52.76
2024-01-02T09:30:03.900000,AAPL,182.09083,182.072621,182.109039,471.0,493.76,139.43
2024-01-02T09:30:03.900000,MSFT,372.955106,372.917811,372.992402,220.56,280.48,37.01
2024-01-02T09:30:03.900000,GOOGL,140.239117,140.225093,140.253141,394.13,283.5,48.29
2024-01-02T09:30:04,AAPL,182.049782,182.031577,182.067987,186.08,466.96,76.64
2024-01-02T09:30:04,MSFT,372.830179,372.792895,372.867462,222.72,261.01,86.32
2024-01-02T09:30:04,GOOGL,140.275163,140.261135,140.28919,258.3,60.7,51.99
2024-01-02T09:30:04.100000,AAPL,182.067936,182.049729,182.086143,275.2,131.02,123.45
2024-01-02T09:30:04.100000,MSFT,372.90524,372.867949,372.94253,143.77,447.05,65.63
2024-01-02T09:30:04.100000,GOOGL,140.268318,140.254291,140.282345,303.29,189.08,133.99
2024-01-02T09:30:04.200000,AAPL,182.100169,182.081959,182.118379,441.29,489.86,87.48
2024-01-02T09:30:04.200000,MSFT,372.898538,372.861248,372.935828,293.84,183.48,193.33
2024-01-02T09:30:04.200000,GOOGL,140.296234,140.282205,140.310264,419.55,200.1,194.21
2024-01-02T09:30:04.300000,AAPL,182.028011,182.009809,182.046214,364.93,359.45,152.81
2024-01-02T09:30:04.300000,MSFT,372.769828,372.732551,372.807105,360.08,55.97,124.46
2024-01-02T09:30:04.300000,GOOGL,140.251758,140.237733,140.265784,463.96,390.13,52.14
2024-01-02T09:30:04.400000,AAPL,181.912304,181.894112,181.930495,382.62,117.56,166.96
2024-01-02T09:30:04.400000,MSFT,372.76126,372.723984,372.798536,99.49,160.42,80.72
2024-01-02T09:30:04.400000,GOOGL,140.308663,140.294632,140.322693,80.16,436.63,91.62
2024-01-02T09:30:04.500000,AAPL,181.941852,181.923658,181.960046,477.78,444.19,133.85
2024-01-02T09:30:04.500000,MSFT,372.693268,372.655999,372.730538,184.37,437.88,182.45
2024-01-02T09:30:04.500000,GOOGL,140.28697,140.272941,140.300998,317.53,241.61,126.38
2024-01-02T09:30:04.600000,AAPL,182.000216,181.982015,182.018416,181.26,162.55,82.52
2024-01-02T09:30:04.600000,MSFT,372.567574,372.530318,372.604831,256.38,421.72,170.1
2024-01-02T09:30:04.600000,GOOGL,140.300579,140.286549,140.314609,206.78,427.16,71.81
2024-01-02T09:30:04.700000,AAPL,182.079164,182.060956,182.097372,199.65,108.11,176.65
2024-01-02T09:30:04.700000,MSFT,372.690501,372.653232,372.72777,101.92,141.03,74.75
2024-01-02T09:30:04.700000,GOOGL,140.243847,140.229822,140.257871,492.26,280.34,149.23
2024-01-02T09:30:04.800000,AAPL,182.108516,182.090305,182.126727,358.03,473.77,147.28
2024-01-02T09:30:04.800000,MSFT,372.83601,372.798726,372.873294,466.65,66.0,11.36
2024-01-02T09:30:04.800000,GOOGL,140.249225,140.2352,140.26325,63.75,335.4,134.89
2024-01-02T09:30:04.900000,AAPL,182.065391,182.047184,182.083597,420.88,430.57,21.94
2024-01-02T09:30:04.900000,MSFT,372.96096,372.923664,372.998256,369.51,302.49,52.54
2024-01-02T09:30:04.900000,GOOGL,140.175164,140.161146,140.189181,145.47,420.51,71.35
2024-01-02T09:30:05,AAPL,182.08995,182.071741,182.108159,281.38,50.42,104.03
2024-01-02T09:30:05,MSFT,372.763862,372.726586,372.801138,266.9,378.27,75.94
2024-01-02T09:30:05,GOOGL,140.125315,140.111302,140.139327,497.97,173.38,78.86
2024-01-02T09:30:05.100000,AAPL,182.038906,182.020702,182.05711,285.33,372.44,108.32
2024-01-02T09:30:05.100000,MSFT,372.723246,372.685973,372.760518,491.39,162.46,29.15
2024-01-02T09:30:05.100000,GOOGL,140.22905,140.215027,140.243073,460.77,447.12,82.07
2024-01-02T09:30:05.200000,AAPL,182.040073,182.021869,182.058277,390.67,98.72,97.66
2024-01-02T09:30:05.200000,MSFT,372.94073,372.903436,372.978024,441.71,390.77,181.46
2024-01-02T09:30:05.200000,GOOGL,140.240937,140.226913,140.254962,127.9,371.76,159.08
2024-01-02T09:30:05.300000,AAPL,182.107858,182.089648,182.126069,172.67,168.98,56.53
2024-01-02T09:30:05.300000,MSFT,372.952766,372.915471,372.990061,380.66,422.1,121.05
2024-01-02T09:30:05.300000,GOOGL,140.277466,140.263438,140.291494,277.1,466.97,130.36
2024-01-02T09:30:05.400000,AAPL,182.025123,182.006921,182.043326,296.49,236.45,183.68
2024-01-02T09:30:05.400000,MSFT,373.09978,373.06247,373.137089,61.27,247.7,127.92
2024-01-02T09:30:05.400000,GOOGL,140.321673,140.307641,140.335706,286.61,140.12,72.47
2024-01-02T09:30:05.500000,AAPL,182.121934,182.103721,182.140146,152.96,160.79,137.32
2024-01-02T09:30:05.500000,MSFT,373.199669,373.162349,373.236989,149.46,411.64,107.86
2024-01-02T09:30:05.500000,GOOGL,140.32282,140.308788,140.336852,345.92,405.33,134.08
2024-01-02T09:30:05.600000,AAPL,182.232325,182.214102,182.250549,338.87,239.0,152.91
2024-01-02T09:30:05.600000,MSFT,373.413431,373.376089,373.450772,68.95,94.39,167.53
2024-01-02T09:30:05.600000,GOOGL,140.274627,140.2606,140.288655,281.69,495.39,109.05
2024-01-02T09:30:05.700000,AAPL,182.163237,182.145021,182.181454,138.36,159.06,63.72
2024-01-02T09:30:05.700000,MSFT,373.350195,373.31286,373.38753,175.01,59.65,10.02
2024-01-02T09:30:05.700000,GOOGL,140.329974,140.315941,140.344007,401.65,416.85,54.78
2024-01-02T09:30:05.800000,AAPL,182.162039,182.143823,182.180256,338.99,284.29,189.82
2024-01-02T09:30:05.800000,MSFT,373.210659,373.173338,373.24798,336.39,281.39,98.78
2024-01-02T09:30:05.800000,GOOGL,140.222179,140.208157,140.236201,203.62,413.29,13.53
2024-01-02T09:30:05.900000,AAPL,182.152142,182.133927,182.170357,455.81,467.12,70.08
2024-01-02T09:30:05.900000,MSFT,373.386619,373.34928,373.423957,428.02,466.84,52.07
2024-01-02T09:30:05.900000,GOOGL,140.208806,140.194785,140.222827,482.39,137.5,113.19
2024-01-02T09:30:06,AAPL,182.111405,182.093194,182.129616,174.82,366.13,79.67
2024-01-02T09:30:06,MSFT,373.368548,373.331211,373.405884,231.02,387.64,79.2
2024-01-02T09:30:06,GOOGL,140.214149,140.200128,140.228171,130.46,184.26,57.71
2024-01-02T09:30:06.100000,AAPL,181.976817,181.958619,181.995015,281.33,132.29,84.13
2024-01-02T09:30:06.100000,MSFT,373.330814,373.293481,373.368147,165.25,299.82,11.8
2024-01-02T09:30:06.100000,GOOGL,140.21968,140.205658,140.233702,346.41,325.37,180.0
2024-01-02T09:30:06.200000,AAPL,181.946502,181.928307,181.964697,180.08,253.71,162.75
2024-01-02T09:30:06.200000,MSFT,373.263262,373.225936,373.300588,184.61,120.62,108.55
2024-01-02T09:30:06.200000,GOOGL,140.222007,140.207985,140.236029,80.75,221.71,197.13
2024-01-02T09:30:06.300000,AAPL,181.890412,181.872223,181.908601,293.57,470.51,99.1
2024-01-02T09:30:06.300000,MSFT,373.218087,373.180766,373.255409,75.31,371.15,171.68
2024-01-02T09:30:06.300000,GOOGL,140.199526,140.185506,140.213546,148.05,122.09,67.24
2024-01-02T09:30:06.400000,AAPL,181.886563,181.868374,181.904752,450.61,91.85,61.97
2024-01-02T09:30:06.400000,MSFT,373.08197,373.044662,373.119278,199.26,274.62,83.05
2024-01-02T09:30:06.400000,GOOGL,140.211619,140.197597,140.22564,154.06,103.88,175.83
2024-01-02T09:30:06.500000,AAPL,181.861711,181.843525,181.879897,339.72,371.67,88.22
2024-01-02T09:30:06.500000,MSFT,373.035214,372.99791,373.072517,387.99,129.01,156.71
2024-01-02T09:30:06.500000,GOOGL,140.25095,140.236925,140.264975,366.28,175.97,155.2
2024-01-02T09:30:06.600000,AAPL,181.866971,181.848784,181.885158,310.69,276.52,101.41
2024-01-02T09:30:06.600000,MSFT,372.868898,372.831612,372.906185,305.33,63.17,34.42
2024-01-02T09:30:06.600000,GOOGL,140.310737,140.296706,140.324768,159.58,452.71,196.72
2024-01-02T09:30:06.700000,AAPL,181.736481,181.718308,181.754655,428.5,135.19,179.3
2024-01-02T09:30:06.700000,MSFT,372.634325,372.597062,372.671588,487.42,474.36,137.33
2024-01-02T09:30:06.700000,GOOGL,140.2592,140.245174,140.273226,457.23,238.26,96.63
2024-01-02T09:30:06.800000,AAPL,181.677928,181.65976,181.696096,172.8,104.43,71.83
2024-01-02T09:30:06.800000,MSFT,372.68898,372.651711,372.726249,468.43,352.46,85.1
2024-01-02T09:30:06.800000,GOOGL,140.274341,140.260314,140.288369,106.26,109.76,180.0
2024-01-02T09:30:06.900000,AAPL,181.711925,181.693754,181.730096,269.34,382.59,141.72
2024-01-02T09:30:06.900000,MSFT,372.738308,372.701034,372.775581,353.55,75.1,100.29
2024-01-02T09:30:06.900000,GOOGL,140.225532,140.21151,140.239555,264.85,386.91,164.7
2024-01-02T09:30:07,AAPL,181.740645,181.722471,181.758819,178.62,251.91,98.48
2024-01-02T09:30:07,MSFT,372.669343,372.632076,372.70661,180.6,499.2,15.28
2024-01-02T09:30:07,GOOGL,140.264627,140.2506,140.278653,137.29,445.58,94.5
2024-01-02T09:30:07.100000,AAPL,181.75179,181.733615,181.769965,117.41,81.95,78.0
2024-01-02T09:30:07.100000,MSFT,372.713784,372.676513,372.751056,409.43,230.42,67.13
2024-01-02T09:30:07.100000,GOOGL,140.241336,140.227312,140.255361,478.04,458.41,134.03
2024-01-02T09:30:07.200000,AAPL,181.855643,181.837457,181.873828,382.68,239.72,40.76
2024-01-02T09:30:07.200000,MSFT,372.741371,372.704096,372.778645,201.86,382.34,23.25
2024-01-02T09:30:07.200000,GOOGL,140.221695,140.207673,140.235717,144.59,226.97,187.88
2024-01-02T09:30:07.300000,AAPL,181.834519,181.816336,181.852703,211.91,320.6,179.87
2024-01-02T09:30:07.300000,MSFT,372.816005,372.778724,372.853287,350.09,422.94,169.8
2024-01-02T09:30:07.300000,GOOGL,140.221214,140.207192,140.235237,172.87,272.16,41.01
2024-01-02T09:30:07.400000,AAPL,181.827909,181.809726,181.846091,259.5,98.65,159.43
2024-01-02T09:30:07.400000,MSFT,372.860951,372.823665,372.898237,164.45,59.22,152.4
2024-01-02T09:30:07.400000,GOOGL,140.158846,140.14483,140.172861,141.96,203.28,51.14
2024-01-02T09:30:07.500000,AAPL,181.780556,181.762378,181.798734,105.08,413.2,13.28
2024-01-02T09:30:07.500000,MSFT,372.841834,372.80455,372.879118,84.94,307.46,52.13
2024-01-02T09:30:07.500000,GOOGL,140.185724,140.171706,140.199743,147.95,416.28,158.1
2024-01-02T09:30:07.600000,AAPL,181.771256,181.753078,181.789433,497.04,92.81,97.6
2024-01-02T09:30:07.600000,MSFT,372.96694,372.929644,373.004237,62.66,161.48,172.56
2024-01-02T09:30:07.600000,GOOGL,140.232186,140.218163,140.246209,359.28,381.3,121.27
2024-01-02T09:30:07.700000,AAPL,181.705046,181.686875,181.723216,66.03,71.7,10.92
2024-01-02T09:30:07.700000,MSFT,372.762627,372.725351,372.799903,332.83,435.17,147.41
2024-01-02T09:30:07.700000,GOOGL,140.200927,140.186907,140.214947,372.82,123.11,54.46
2024-01-02T09:30:07.800000,AAPL,181.69374,181.675571,181.71191,415.13,178.93,94.93
2024-01-02T09:30:07.800000,MSFT,372.768995,372.731718,372.806272,149.15,214.8,45.84
2024-01-02T09:30:07.800000,GOOGL,140.241803,140.227779,140.255827,300.81,357.72,190.87
2024-01-02T09:30:07.900000,AAPL,181.686538,181.668369,181.704706,111.3,363.16,140.32
2024-01-02T09:30:07.900000,MSFT,372.67686,372.639592,372.714127,118.84,161.93,198.85
2024-01-02T09:30:07.900000,GOOGL,140.270325,140.256298,140.284352,184.3,252.1,113.11
2024-01-02T09:30:08,AAPL,181.60494,181.586779,181.6231,308.23,347.75,89.94
2024-01-02T09:30:08,MSFT,372.632158,372.594894,372.669421,305.53,447.62,145.13
2024-01-02T09:30:08,GOOGL,140.222604,140.208582,140.236626,174.14,417.89,120.18
2024-01-02T09:30:08.100000,AAPL,181.639063,181.620899,181.657227,221.49,114.28,72.28
2024-01-02T09:30:08.100000,MSFT,372.795455,372.758175,372.832735,154.59,337.03,45.86
2024-01-02T09:30:08.100000,GOOGL,140.131902,140.117889,140.145915,196.95,200.72,15.72
2024-01-02T09:30:08.200000,AAPL,181.632999,181.614836,181.651162,107.96,484.46,15.95
2024-01-02T09:30:08.200000,MSFT,373.021251,372.983949,373.058553,368.11,376.4,119.52
2024-01-02T09:30:08.200000,GOOGL,140.091194,140.077185,140.105204,405.67,315.67,51.26
2024-01-02T09:30:08.300000,AAPL,181.669152,181.650985,181.687318,432.13,357.36,83.72
2024-01-02T09:30:08.300000,MSFT,373.027717,372.990415,373.06502,478.32,285.05,36.0
2024-01-02T09:30:08.300000,GOOGL,140.066504,140.052497,140.08051,178.73,475.53,137.12
2024-01-02T09:30:08.400000,AAPL,181.715315,181.697143,181.733486,406.11,282.53,100.07
2024-01-02T09:30:08.400000,MSFT,373.049726,373.012421,373.087031,254.7,105.19,87.2
2024-01-02T09:30:08.400000,GOOGL,140.052127,140.038121,140.066132,140.18,357.91,163.13
2024-01-02T09:30:08.500000,AAPL,181.797058,181.778878,181.815238,252.5,286.1,97.38
2024-01-02T09:30:08.500000,MSFT,372.899315,372.862025,372.936605,202.15,447.49,189.68
2024-01-02T09:30:08.500000,GOOGL,140.030509,140.016506,140.044512,353.5,497.35,167.99
2024-01-02T09:30:08.600000,AAPL,181.795507,181.777327,181.813686,125.48,456.98,23.04
2024-01-02T09:30:08.600000,MSFT,372.863655,372.826368,372.900941,283.93,91.34,164.13
2024-01-02T09:30:08.600000,GOOGL,139.95943,139.945434,139.973426,416.02,137.94,184.56
2024-01-02T09:30:08.700000,AAPL,181.868926,181.850739,181.887113,173.39,362.62,20.96
2024-01-02T09:30:08.700000,MSFT,373.090924,373.053615,373.128233,299.03,81.89,32.64
2024-01-02T09:30:08.700000,GOOGL,139.965345,139.951349,139.979342,119.4,358.35,183.74
2024-01-02T09:30:08.800000,AAPL,181.725118,181.706945,181.74329,168.08,464.65,153.25
2024-01-02T09:30:08.800000,MSFT,373.252134,373.214809,373.289459,456.13,157.94,140.22
2024-01-02T09:30:08.800000,GOOGL,140.011122,139.997121,140.025124,126.94,451.93,180.07
2024-01-02T09:30:08.900000,AAPL,181.754391,181.736215,181.772566,226.96,205.17,78.16
2024-01-02T09:30:08.900000,MSFT,373.180034,373.142716,373.217352,161.07,147.43,141.84
2024-01-02T09:30:08.900000,GOOGL,140.000112,139.986112,140.014112,175.19,455.36,27.14
2024-01-02T09:30:09,AAPL,181.821066,181.802884,181.839248,451.85,442.44,54.86
2024-01-02T09:30:09,MSFT,373.340038,373.302704,373.377372,424.19,349.21,125.0
2024-01-02T09:30:09,GOOGL,140.055889,140.041884,140.069895,208.25,101.83,21.27
2024-01-02T09:30:09.100000,AAPL,181.777576,181.759398,181.795753,196.95,143.1,114.65
2024-01-02T09:30:09.100000,MSFT,373.20472,373.1674,373.242041,83.56,228.36,52.31
2024-01-02T09:30:09.100000,GOOGL,140.088528,140.074519,140.102537,345.69,52.47,125.31
2024-01-02T09:30:09.200000,AAPL,181.838904,181.82072,181.857088,437.49,486.84,192.86
2024-01-02T09:30:09.200000,MSFT,373.315642,373.278311,373.352974,227.51,146.62,66.57
2024-01-02T09:30:09.200000,GOOGL,140.076918,140.062911,140.090926,252.17,141.86,134.58
2024-01-02T09:30:09.300000,AAPL,181.813073,181.794892,181.831255,381.76,68.06,53.38
2024-01-02T09:30:09.300000,MSFT,373.312316,373.274985,373.349648,119.89,118.62,124.58
2024-01-02T09:30:09.300000,GOOGL,140.048819,140.034815,140.062824,145.1,164.08,52.41
2024-01-02T09:30:09.400000,AAPL,182.011744,181.993543,182.029945,418.94,294.93,68.73
2024-01-02T09:30:09.400000,MSFT,373.258951,373.221625,373.296277,232.74,155.22,52.34
2024-01-02T09:30:09.400000,GOOGL,139.992365,139.978366,140.006365,250.24,419.02,17.47
2024-01-02T09:30:09.500000,AAPL,182.131229,182.113016,182.149442,215.39,332.94,58.8
2024-01-02T09:30:09.500000,MSFT,373.284894,373.247566,373.322223,465.46,476.87,138.77
2024-01-02T09:30:09.500000,GOOGL,139.974913,139.960916,139.988911,185.97,81.56,45.25
2024-01-02T09:30:09.600000,AAPL,182.175646,182.157429,182.193864,121.73,466.08,151.2
2024-01-02T09:30:09.600000,MSFT,373.403668,373.366328,373.441008,472.93,157.3,169.33
2024-01-02T09:30:09.600000,GOOGL,140.050202,140.036197,140.064207,294.22,76.02,16.15
2024-01-02T09:30:09.700000,AAPL,182.14441,182.126196,182.162625,264.14,450.68,85.18
2024-01-02T09:30:09.700000,MSFT,373.298835,373.261505,373.336165,117.9,223.25,87.5
2024-01-02T09:30:09.700000,GOOGL,140.078486,140.064478,140.092494,388.26,227.91,86.41
2024-01-02T09:30:09.800000,AAPL,182.141463,182.123249,182.159677,186.61,134.82,17.52
2024-01-02T09:30:09.800000,MSFT,373.422996,373.385654,373.460339,491.84,95.5,157.53
2024-01-02T09:30:09.800000,GOOGL,140.095615,140.081606,140.109625,53.43,155.59,33.54
2024-01-02T09:30:09.900000,AAPL,182.173997,182.155779,182.192214,345.96,450.68,20.26
2024-01-02T09:30:09.900000,MSFT,373.57287,373.535513,373.610228,241.13,427.59,13.84
2024-01-02T09:30:09.900000,GOOGL,140.144835,140.130821,140.15885,313.04,66.93,176.28
2024-01-02T09:30:10,AAPL,182.136845,182.118631,182.155058,270.94,240.26,171.25
2024-01-02T09:30:10,MSFT,373.786926,373.749547,373.824304,88.81,471.08,31.88
2024-01-02T09:30:10,GOOGL,140.103539,140.089528,140.117549,155.02,234.42,191.88
2024-01-02T09:30:10.100000,AAPL,182.057954,182.039748,182.07616,234.92,270.24,144.22
2024-01-02T09:30:10.100000,MSFT,374.020788,373.983386,374.05819,321.42,295.46,167.51
2024-01-02T09:30:10.100000,GOOGL,140.104554,140.090544,140.118565,69.95,220.0,134.36
2024-01-02T09:30:10.200000,AAPL,181.976326,181.958128,181.994524,261.29,413.19,150.56
2024-01-02T09:30:10.200000,MSFT,373.96974,373.932343,374.007137,392.54,291.2,143.72
2024-01-02T09:30:10.200000,GOOGL,140.249455,140.23543,140.263479,330.42,355.73,189.99
2024-01-02T09:30:10.300000,AAPL,181.972775,181.954578,181.990972,455.05,140.26,125.29
2024-01-02T09:30:10.300000,MSFT,374.151703,374.114288,374.189118,381.36,273.4,81.16
2024-01-02T09:30:10.300000,GOOGL,140.177253,140.163235,140.19127,70.22,303.79,159.54
2024-01-02T09:30:10.400000,AAPL,181.951528,181.933332,181.969723,66.5,336.46,48.2
2024-01-02T09:30:10.400000,MSFT,374.081321,374.043913,374.118729,138.96,75.05,178.71
2024-01-02T09:30:10.400000,GOOGL,140.187332,140.173313,140.201351,444.41,333.63,20.95
2024-01-02T09:30:10.500000,AAPL,182.084227,182.066019,182.102436,338.44,110.75,194.59
2024-01-02T09:30:10.500000,MSFT,374.075732,374.038325,374.11314,403.31,366.67,160.61
2024-01-02T09:30:10.500000,GOOGL,140.16943,140.155413,140.183447,310.25,113.36,107.87
2024-01-02T09:30:10.600000,AAPL,182.16312,182.144904,182.181336,474.26,415.38,16.92
2024-01-02T09:30:10.600000,MSFT,373.983632,373.946234,374.021031,189.65,361.12,144.9
2024-01-02T09:30:10.600000,GOOGL,140.129636,140.115623,140.143649,411.65,407.61,169.88
2024-01-02T09:30:10.700000,AAPL,182.167251,182.149035,182.185468,404.96,424.56,178.73
2024-01-02T09:30:10.700000,MSFT,374.019906,373.982504,374.057308,209.86,268.29,103.07
2024-01-02T09:30:10.700000,GOOGL,140.103253,140.089242,140.117263,319.4,202.37,147.44
2024-01-02T09:30:10.800000,AAPL,182.065079,182.046873,182.083286,275.17,112.64,10.3
2024-01-02T09:30:10.800000,MSFT,373.968461,373.931065,374.005858,319.3,210.5,179.87
2024-01-02T09:30:10.800000,GOOGL,140.121958,140.107946,140.13597,108.18,164.94,188.2
2024-01-02T09:30:10.900000,AAPL,182.113834,182.095623,182.132046,383.78,287.25,119.36
2024-01-02T09:30:10.900000,MSFT,373.970666,373.933269,374.008063,397.26,198.29,122.43
2024-01-02T09:30:10.900000,GOOGL,140.06726,140.053254,140.081267,490.86,140.21,86.61
2024-01-02T09:30:11,AAPL,182.176492,182.158274,182.19471,55.74,120.23,65.24
2024-01-02T09:30:11,MSFT,374.131747,374.094334,374.169161,383.15,441.17,60.06
2024-01-02T09:30:11,GOOGL,140.059869,140.045863,140.073875,142.98,124.34,156.88
2024-01-02T09:30:11.100000,AAPL,182.271143,182.252916,182.28937,154.03,280.86,128.98
2024-01-02T09:30:11.100000,MSFT,374.062472,374.025066,374.099879,405.86,199.18,60.1
2024-01-02T09:30:11.100000,GOOGL,140.0295,140.015497,140.043503,62.68,190.45,59.58
2024-01-02T09:30:11.200000,AAPL,182.310479,182.292248,182.32871,286.15,206.64,194.68
2024-01-02T09:30:11.200000,MSFT,374.199245,374.161825,374.236665,155.44,274.3,57.58
2024-01-02T09:30:11.200000,GOOGL,140.033903,140.0199,140.047907,189.83,272.96,174.15
2024-01-02T09:30:11.300000,AAPL,182.337168,182.318935,182.355402,490.62,439.61,163.02
2024-01-02T09:30:11.300000,MSFT,374.315545,374.278113,374.352976,89.94,291.88,36.65
2024-01-02T09:30:11.300000,GOOGL,140.030507,140.016504,140.04451,63.58,475.92,34.56
2024-01-02T09:30:11.400000,AAPL,182.261963,182.243737,182.280189,452.92,228.33,116.9
2024-01-02T09:30:11.400000,MSFT,374.362464,374.325028,374.399901,208.67,354.39,19.88
2024-01-02T09:30:11.400000,GOOGL,139.996805,139.982805,140.010805,373.1,310.62,193.74
2024-01-02T09:30:11.500000,AAPL,182.166119,182.147902,182.184335,248.88,418.14,100.24
2024-01-02T09:30:11.500000,MSFT,374.259931,374.222505,374.297357,270.44,271.05,118.55
2024-01-02T09:30:11.500000,GOOGL,140.003908,139.989908,140.017908,339.73,257.86,127.08
2024-01-02T09:30:11.600000,AAPL,182.171143,182.152926,182.18936,299.67,240.47,82.32
2024-01-02T09:30:11.600000,MSFT,374.230486,374.193063,374.267909,493.88,247.17,23.56
2024-01-02T09:30:11.600000,GOOGL,140.049747,140.035742,140.063752,142.66,274.9,131.21
2024-01-02T09:30:11.700000,AAPL,182.093844,182.075635,182.112054,146.77,80.52,32.67
2024-01-02T09:30:11.700000,MSFT,374.270906,374.233479,374.308333,349.08,175.61,128.76
2024-01-02T09:30:11.700000,GOOGL,140.116433,140.102421,140.130445,104.81,389.16,141.36
2024-01-02T09:30:11.800000,AAPL,182.044696,182.026491,182.0629,334.16,212.79,179.32
2024-01-02T09:30:11.800000,MSFT,374.164557,374.127141,374.201974,97.43,398.47,30.17
2024-01-02T09:30:11.800000,GOOGL,140.106194,140.092184,140.120205,466.85,278.69,174.95
2024-01-02T09:30:11.900000,AAPL,182.174362,182.156145,182.192579,150.24,199.44,27.32
2024-01-02T09:30:11.900000,MSFT,374.245932,374.208507,374.283356,181.97,358.15,188.67
2024-01-02T09:30:11.900000,GOOGL,140.090527,140.076518,140.104536,189.37,131.58,121.52
2024-01-02T09:30:12,AAPL,182.277775,182.259547,182.296003,250.84,225.95,88.5
2024-01-02T09:30:12,MSFT,374.051191,374.013786,374.088596,493.69,91.95,176.13
2024-01-02T09:30:12,GOOGL,140.003721,139.98972,140.017721,335.49,448.96,28.81
2024-01-02T09:30:12.100000,AAPL,182.400574,182.382334,182.418814,141.68,57.83,30.9
2024-01-02T09:30:12.100000,MSFT,373.985945,373.948547,374.023344,353.78,185.6,37.42
2024-01-02T09:30:12.100000,GOOGL,139.96705,139.953053,139.981046,57.71,498.33,77.58
2024-01-02T09:30:12.200000,AAPL,182.359301,182.341065,182.377537,388.06,209.02,82.09
2024-01-02T09:30:12.200000,MSFT,373.980298,373.9429,374.017696,293.74,103.02,33.57
2024-01-02T09:30:12.200000,GOOGL,139.991708,139.977709,140.005707,156.63,126.65,100.82
2024-01-02T09:30:12.300000,AAPL,182.264972,182.246746,182.283199,397.98,216.01,151.68
2024-01-02T09:30:12.300000,MSFT,373.953119,373.915724,373.990514,401.55,467.24,125.97
2024-01-02T09:30:12.300000,GOOGL,140.00279,139.988789,140.01679,68.34,204.67,44.32
2024-01-02T09:30:12.400000,AAPL,182.165313,182.147097,182.18353,298.71,385.07,122.23
2024-01-02T09:30:12.400000,MSFT,373.878849,373.841461,373.916236,50.36,283.42,67.25
2024-01-02T09:30:12.400000,GOOGL,139.975254,139.961256,139.989251,333.89,363.98,152.78
2024-01-02T09:30:12.500000,AAPL,182.163468,182.145252,182.181685,371.72,312.25,33.96
2024-01-02T09:30:12.500000,MSFT,374.061857,374.024451,374.099264,172.78,297.99,175.81
2024-01-02T09:30:12.500000,GOOGL,139.954419,139.940423,139.968414,247.2,180.77,140.61
2024-01-02T09:30:12.600000,AAPL,182.019116,182.000914,182.037318,285.81,396.94,175.35
2024-01-02T09:30:12.600000,MSFT,374.040364,374.002959,374.077768,276.58,331.07,80.2
2024-01-02T09:30:12.600000,GOOGL,139.966415,139.952419,139.980412,425.74,359.07,57.49
2024-01-02T09:30:12.700000,AAPL,181.952381,181.934186,181.970576,459.7,406.61,69.15
2024-01-02T09:30:12.700000,MSFT,374.043378,374.005974,374.080783,356.04,415.2,128.61
2024-01-02T09:30:12.700000,GOOGL,139.998755,139.984755,140.012755,371.46,336.29,33.64
2024-01-02T09:30:12.800000,AAPL,181.958869,181.940673,181.977065,103.29,357.83,127.23
2024-01-02T09:30:12.800000,MSFT,374.129846,374.092433,374.167259,339.27,65.25,126.13
2024-01-02T09:30:12.800000,GOOGL,140.042079,140.028075,140.056084,87.7,319.69,185.44
2024-01-02T09:30:12.900000,AAPL,182.020275,182.002073,182.038477,308.93,352.88,194.57
2024-01-02T09:30:12.900000,MSFT,374.200514,374.163094,374.237934,261.13,277.53,98.34
2024-01-02T09:30:12.900000,GOOGL,140.035669,140.021666,140.049673,159.16,174.93,145.08
2024-01-02T09:30:13,AAPL,182.009892,181.991691,182.028093,410.78,364.65,63.56
2024-01-02T09:30:13,MSFT,374.264456,374.227029,374.301882,372.72,491.82,193.98
2024-01-02T09:30:13,GOOGL,140.099609,140.085599,140.113619,396.53,486.68,89.32
2024-01-02T09:30:13.100000,AAPL,181.991919,181.97372,182.010118,185.71,237.64,156.58
2024-01-02T09:30:13.100000,MSFT,374.260592,374.223166,374.298018,404.59,290.72,146.13
2024-01-02T09:30:13.100000,GOOGL,140.074706,140.060699,140.088714,376.3,331.08,32.53
2024-01-02T09:30:13.200000,AAPL,182.014075,181.995873,182.032276,354.71,160.64,35.6
2024-01-02T09:30:13.200000,MSFT,374.258898,374.221472,374.296324,293.73,406.86,28.21
2024-01-02T09:30:13.200000,GOOGL,140.038694,140.024691,140.052698,191.6,471.42,70.77
2024-01-02T09:30:13.300000,AAPL,181.975597,181.9574,181.993795,337.91,261.55,125.44
2024-01-02T09:30:13.300000,MSFT,374.206218,374.168798,374.243639,223.04,162.99,152.24
2024-01-02T09:30:13.300000,GOOGL,140.028031,140.014028,140.042033,366.92,155.25,197.33
2024-01-02T09:30:13.400000,AAPL,182.028508,182.010305,182.046711,390.33,83.46,66.25
2024-01-02T09:30:13.400000,MSFT,374.184933,374.147515,374.222351,363.19,373.6,41.66
2024-01-02T09:30:13.400000,GOOGL,140.09635,140.08234,140.110359,50.68,83.98,50.9
2024-01-02T09:30:13.500000,AAPL,182.077296,182.059088,182.095504,194.5,275.71,136.22
2024-01-02T09:30:13.500000,MSFT,374.220102,374.18268,374.257524,334.84,110.34,20.21
2024-01-02T09:30:13.500000,GOOGL,140.107508,140.093497,140.121519,266.58,153.18,35.7
2024-01-02T09:30:13.600000,AAPL,182.075945,182.057738,182.094153,332.03,411.6,138.77
2024-01-02T09:30:13.600000,MSFT,374.217441,374.18002,374.254863,164.67,478.26,90.52
2024-01-02T09:30:13.600000,GOOGL,140.242338,140.228313,140.256362,90.29,346.59,18.09
2024-01-02T09:30:13.700000,AAPL,182.138171,182.119957,182.156385,169.48,352.26,193.65
2024-01-02T09:30:13.700000,MSFT,374.246415,374.208991,374.28384,252.5,90.92,147.43
2024-01-02T09:30:13.700000,GOOGL,140.20793,140.193909,140.221951,393.58,78.21,151.33
2024-01-02T09:30:13.800000,AAPL,182.15141,182.133195,182.169626,322.19,261.47,159.38
2024-01-02T09:30:13.800000,MSFT,374.17848,374.141062,374.215898,177.67,180.16,116.3
2024-01-02T09:30:13.800000,GOOGL,140.157377,140.143362,140.171393,396.5,229.94,187.84
2024-01-02T09:30:13.900000,AAPL,182.160217,182.142001,182.178433,187.77,166.02,97.21
2024-01-02T09:30:13.900000,MSFT,374.200479,374.163059,374.237899,250.42,244.02,191.1
2024-01-02T09:30:13.900000,GOOGL,140.12734,140.113328,140.141353,433.04,372.56,158.71
2024-01-02T09:30:14,AAPL,182.179388,182.16117,182.197606,494.35,455.53,113.89
2024-01-02T09:30:14,MSFT,374.20552,374.168099,374.24294,300.8,183.98,106.94
2024-01-02T09:30:14,GOOGL,140.131746,140.117733,140.145759,356.32,112.25,167.14
2024-01-02T09:30:14.100000,AAPL,182.158512,182.140296,182.176728,452.76,144.21,88.02
2024-01-02T09:30:14.100000,MSFT,374.243356,374.205932,374.28078,238.62,302.47,192.15
2024-01-02T09:30:14.100000,GOOGL,140.086516,140.072507,140.100524,350.54,355.19,153.14
2024-01-02T09:30:14.200000,AAPL,182.126463,182.108251,182.144676,409.73,402.86,95.63
2024-01-02T09:30:14.200000,MSFT,374.383058,374.34562,374.420496,280.34,57.37,157.49
2024-01-02T09:30:14.200000,GOOGL,140.128731,140.114718,140.142744,50.14,482.05,138.93
2024-01-02T09:30:14.300000,AAPL,182.187229,182.16901,182.205448,116.37,73.01,15.67
2024-01-02T09:30:14.300000,MSFT,374.37003,374.332593,374.407467,325.73,270.63,23.89
2024-01-02T09:30:14.300000,GOOGL,140.110908,140.096897,140.124919,109.4,348.47,157.47
2024-01-02T09:30:14.400000,AAPL,182.21966,182.201438,182.237882,202.13,325.78,179.04
2024-01-02T09:30:14.400000,MSFT,374.430787,374.393344,374.46823,78.22,98.99,28.26
2024-01-02T09:30:14.400000,GOOGL,140.118767,140.104755,140.132779,218.76,211.73,195.63
2024-01-02T09:30:14.500000,AAPL,182.327105,182.308873,182.345338,455.86,82.06,156.61
2024-01-02T09:30:14.500000,MSFT,374.321993,374.284561,374.359426,180.89,395.66,124.68
2024-01-02T09:30:14.500000,GOOGL,140.099118,140.085108,140.113127,71.79,169.45,22.15
2024-01-02T09:30:14.600000,AAPL,182.347803,182.329568,182.366038,134.57,227.96,101.28
2024-01-02T09:30:14.600000,MSFT,374.316554,374.279123,374.353986,57.91,217.41,175.19
2024-01-02T09:30:14.600000,GOOGL,140.127932,140.113919,140.141945,335.53,361.68,51.43
2024-01-02T09:30:14.700000,AAPL,182.387826,182.369588,182.406065,282.61,148.74,69.72
2024-01-02T09:30:14.700000,MSFT,374.087044,374.049636,374.124453,316.75,227.52,197.84
2024-01-02T09:30:14.700000,GOOGL,140.160889,140.146872,140.174905,91.62,242.39,136.77
2024-01-02T09:30:14.800000,AAPL,182.317458,182.299226,182.33569,327.23,485.71,134.86
2024-01-02T09:30:14.800000,MSFT,373.885327,373.847938,373.922715,160.62,298.42,96.05
2024-01-02T09:30:14.800000,GOOGL,140.195253,140.181234,140.209273,356.75,73.9,130.59
2024-01-02T09:30:14.900000,AAPL,182.362523,182.344287,182.380759,489.7,315.69,12.78
2024-01-02T09:30:14.900000,MSFT,373.930659,373.893265,373.968052,252.54,133.51,50.77
2024-01-02T09:30:14.900000,GOOGL,140.203827,140.189806,140.217847,353.93,481.95,170.06
2024-01-02T09:30:15,AAPL,182.324092,182.305859,182.342324,418.37,256.47,192.49
2024-01-02T09:30:15,MSFT,374.007352,373.969952,374.044753,357.11,74.68,195.0
2024-01-02T09:30:15,GOOGL,140.179629,140.165611,140.193647,108.19,242.81,47.16
2024-01-02T09:30:15.100000,AAPL,182.42394,182.405698,182.442183,220.83,177.88,50.9
2024-01-02T09:30:15.100000,MSFT,373.890481,373.853092,373.92787,262.43,184.12,174.28
2024-01-02T09:30:15.100000,GOOGL,140.152317,140.138302,140.166332,299.66,292.03,89.76
2024-01-02T09:30:15.200000,AAPL,182.476025,182.457777,182.494272,477.65,140.04,156.77
2024-01-02T09:30:15.200000,MSFT,373.791586,373.754207,373.828965,473.6,406.52,74.85
2024-01-02T09:30:15.200000,GOOGL,140.218879,140.204857,140.232901,73.61,193.96,125.63
2024-01-02T09:30:15.300000,AAPL,182.423941,182.405698,182.442183,66.98,242.54,145.32
2024-01-02T09:30:15.300000,MSFT,373.835393,373.798009,373.872777,449.68,395.96,80.88
2024-01-02T09:30:15.300000,GOOGL,140.272267,140.25824,140.286294,126.48,256.54,27.38
2024-01-02T09:30:15.400000,AAPL,182.443123,182.424878,182.461367,242.23,142.63,43.13
2024-01-02T09:30:15.400000,MSFT,373.895488,373.858099,373.932878,314.04,257.74,87.02
2024-01-02T09:30:15.400000,GOOGL,140.234309,140.220285,140.248332,187.14,285.43,121.77
2024-01-02T09:30:15.500000,AAPL,182.421007,182.402765,182.439249,428.67,111.48,123.81
2024-01-02T09:30:15.500000,MSFT,373.924636,373.887244,373.962029,426.85,448.13,198.72
2024-01-02T09:30:15.500000,GOOGL,140.257547,140.243521,140.271573,90.51,471.49,187.43
2024-01-02T09:30:15.600000,AAPL,182.49507,182.476821,182.51332,307.05,242.05,34.83
2024-01-02T09:30:15.600000,MSFT,373.624934,373.587571,373.662296,461.67,369.79,161.98
2024-01-02T09:30:15.600000,GOOGL,140.23038,140.216357,140.244403,158.42,376.12,119.81
2024-01-02T09:30:15.700000,AAPL,182.512672,182.49442,182.530923,470.85,373.06,105.3
2024-01-02T09:30:15.700000,MSFT,373.617216,373.579854,373.654578,406.28,224.96,82.63
2024-01-02T09:30:15.700000,GOOGL,140.228649,140.214626,140.242672,328.65,299.7,173.56
2024-01-02T09:30:15.800000,AAPL,182.52125,182.502998,182.539503,247.5,89.33,118.34
2024-01-02T09:30:15.800000,MSFT,373.49333,373.45598,373.530679,142.34,435.47,69.52
2024-01-02T09:30:15.800000,GOOGL,140.208314,140.194293,140.222334,264.44,107.16,28.66
2024-01-02T09:30:15.900000,AAPL,182.516189,182.497937,182.53444,343.83,330.92,71.57
2024-01-02T09:30:15.900000,MSFT,373.328889,373.291556,373.366222,117.35,334.35,142.07
2024-01-02T09:30:15.900000,GOOGL,140.205855,140.191834,140.219875,293.28,245.65,108.18
2024-01-02T09:30:16,AAPL,182.587319,182.56906,182.605577,383.06,499.15,48.56
2024-01-02T09:30:16,MSFT,373.343046,373.305711,373.38038,499.23,279.66,163.54
2024-01-02T09:30:16,GOOGL,140.157261,140.143246,140.171277,52.26,226.26,124.66
2024-01-02T09:30:16.100000,AAPL,182.661521,182.643255,182.679787,347.46,481.15,161.43
2024-01-02T09:30:16.100000,MSFT,373.311467,373.274136,373.348798,258.43,396.68,93.37
2024-01-02T09:30:16.100000,GOOGL,140.159614,140.145598,140.17363,448.29,123.25,17.0
2024-01-02T09:30:16.200000,AAPL,182.644613,182.626348,182.662877,418.52,334.14,57.28
2024-01-02T09:30:16.200000,MSFT,373.256623,373.219298,373.293949,51.54,314.58,174.93
2024-01-02T09:30:16.200000,GOOGL,140.193711,140.179692,140.207731,380.86,220.27,91.28
2024-01-02T09:30:16.300000,AAPL,182.772568,182.754291,182.790845,351.36,203.64,113.95
2024-01-02T09:30:16.300000,MSFT,373.175364,373.138047,373.212682,150.56,247.19,116.04
2024-01-02T09:30:16.300000,GOOGL,140.116691,140.102679,140.130702,242.59,331.03,30.5
2024-01-02T09:30:16.400000,AAPL,182.662289,182.644023,182.680556,498.98,187.33,27.42
2024-01-02T09:30:16.400000,MSFT,373.173463,373.136145,373.21078,380.4,446.03,74.05
2024-01-02T09:30:16.400000,GOOGL,140.123024,140.109011,140.137036,212.9,346.06,75.83
2024-01-02T09:30:16.500000,AAPL,182.68625,182.667981,182.704519,426.91,126.98,179.16
2024-01-02T09:30:16.500000,MSFT,373.388338,373.350999,373.425676,248.56,322.73,81.95
2024-01-02T09:30:16.500000,GOOGL,140.044414,140.03041,140.058419,188.32,118.43,56.75
2024-01-02T09:30:16.600000,AAPL,182.665222,182.646955,182.683488,211.46,480.64,64.31
2024-01-02T09:30:16.600000,MSFT,373.369913,373.332576,373.40725,436.98,373.12,184.23
2024-01-02T09:30:16.600000,GOOGL,140.029025,140.015022,140.043028,395.07,245.46,158.6
2024-01-02T09:30:16.700000,AAPL,182.676455,182.658187,182.694723,292.81,329.78,158.02
2024-01-02T09:30:16.700000,MSFT,373.326431,373.289098,373.363763,373.47,353.78,14.59
2024-01-02T09:30:16.700000,GOOGL,139.99717,139.98317,140.01117,85.15,425.02,62.42
2024-01-02T09:30:16.800000,AAPL,182.595381,182.577122,182.613641,378.16,77.34,49.54
2024-01-02T09:30:16.800000,MSFT,373.346213,373.308878,373.383548,140.78,346.03,89.43
2024-01-02T09:30:16.800000,GOOGL,139.989231,139.975233,140.00323,247.84,78.22,64.58
2024-01-02T09:30:16.900000,AAPL,182.746527,182.728253,182.764802,61.21,238.25,125.32
2024-01-02T09:30:16.900000,MSFT,373.304382,373.267052,373.341713,51.89,70.49,154.77
2024-01-02T09:30:16.900000,GOOGL,139.946249,139.932254,139.960243,412.63,279.31,99.32
2024-01-02T09:30:17,AAPL,182.833275,182.814992,182.851559,105.57,373.56,192.38
2024-01-02T09:30:17,MSFT,373.40575,373.368409,373.44309,121.25,288.47,73.43
2024-01-02T09:30:17,GOOGL,139.920423,139.906431,139.934415,268.63,109.57,77.36
2024-01-02T09:30:17.100000,AAPL,182.844803,182.826518,182.863087,65.37,390.0,189.91
2024-01-02T09:30:17.100000,MSFT,373.165665,373.128348,373.202981,361.51,260.51,99.67
2024-01-02T09:30:17.100000,GOOGL,139.86784,139.853853,139.881827,428.41,111.77,153.78
2024-01-02T09:30:17.200000,AAPL,182.901436,182.883145,182.919726,335.58,146.91,94.65
2024-01-02T09:30:17.200000,MSFT,373.207669,373.170348,373.24499,228.95,232.03,181.75
2024-01-02T09:30:17.200000,GOOGL,139.897029,139.88304,139.911019,145.85,252.69,122.46
2024-01-02T09:30:17.300000,AAPL,182.871299,182.853012,182.889586,443.16,354.39,15.75
2024-01-02T09:30:17.300000,MSFT,373.315828,373.278497,373.35316,191.73,72.17,55.35
2024-01-02T09:30:17.300000,GOOGL,139.892574,139.878585,139.906563,168.57,426.09,50.42
2024-01-02T09:30:17.400000,AAPL,182.897793,182.879504,182.916083,272.44,222.77,155.86
2024-01-02T09:30:17.400000,MSFT,373.353608,373.316273,373.390944,101.41,195.19,176.38
2024-01-02T09:30:17.400000,GOOGL,139.870543,139.856556,139.88453,82.38,246.84,27.61
2024-01-02T09:30:17.500000,AAPL,182.872068,182.853781,182.890355,299.34,291.57,22.33
2024-01-02T09:30:17.500000,MSFT,373.384798,373.34746,373.422137,374.52,105.74,170.22
2024-01-02T09:30:17.500000,GOOGL,139.831217,139.817234,139.8452,110.6,77.27,198.03
2024-01-02T09:30:17.600000,AAPL,182.792154,182.773875,182.810434,412.7,88.56,101.36
2024-01-02T09:30:17.600000,MSFT,373.53733,373.499976,373.574684,244.29,198.89,87.8
2024-01-02T09:30:17.600000,GOOGL,139.813166,139.799185,139.827148,303.11,79.39,30.65
2024-01-02T09:30:17.700000,AAPL,182.856478,182.838192,182.874764,489.17,279.48,16.11
2024-01-02T09:30:17.700000,MSFT,373.688161,373.650792,373.72553,324.64,216.95,164.03
2024-01-02T09:30:17.700000,GOOGL,139.840431,139.826447,139.854415,431.18,251.4,102.48
2024-01-02T09:30:17.800000,AAPL,182.937635,182.919341,182.955929,61.46,175.92,130.1
2024-01-02T09:30:17.800000,MSFT,373.785128,373.74775,373.822507,167.92,156.2,83.23
2024-01-02T09:30:17.800000,GOOGL,139.842066,139.828082,139.856051,115.36,461.82,195.53
2024-01-02T09:30:17.900000,AAPL,182.944803,182.926508,182.963097,474.41,238.1,82.56
2024-01-02T09:30:17.900000,MSFT,373.651156,373.613791,373.688521,53.81,304.82,139.77
2024-01-02T09:30:17.900000,GOOGL,139.85017,139.836185,139.864155,306.12,370.47,98.01
2024-01-02T09:30:18,AAPL,182.94868,182.930385,182.966975,486.92,66.07,54.36
2024-01-02T09:30:18,MSFT,373.479644,373.442296,373.516992,237.9,450.51,61.76
2024-01-02T09:30:18,GOOGL,139.88232,139.868332,139.896308,230.5,434.59,61.51
2024-01-02T09:30:18.100000,AAPL,182.850703,182.832418,182.868988,457.62,447.74,104.57
2024-01-02T09:30:18.100000,MSFT,373.4802,373.442852,373.517548,306.95,124.02,63.28
2024-01-02T09:30:18.100000,GOOGL,139.90046,139.88647,139.91445,273.29,344.34,56.23
2024-01-02T09:30:18.200000,AAPL,182.79869,182.780411,182.81697,368.75,203.03,165.39
2024-01-02T09:30:18.200000,MSFT,373.430879,373.393536,373.468222,115.89,239.24,56.18
2024-01-02T09:30:18.200000,GOOGL,139.840344,139.826359,139.854328,59.29,160.75,147.11
2024-01-02T09:30:18.300000,AAPL,182.789707,182.771428,182.807986,322.38,275.47,14.18
2024-01-02T09:30:18.300000,MSFT,373.278161,373.240833,373.315489,327.38,423.0,94.21
2024-01-02T09:30:18.300000,GOOGL,139.880749,139.866761,139.894737,422.12,339.2,122.61
2024-01-02T09:30:18.400000,AAPL,182.804243,182.785962,182.822523,401.92,193.2,181.87
2024-01-02T09:30:18.400000,MSFT,373.261758,373.224432,373.299084,114.34,133.38,134.71
2024-01-02T09:30:18.400000,GOOGL,139.800393,139.786413,139.814373,61.22,369.49,153.12
2024-01-02T09:30:18.500000,AAPL,182.762181,182.743904,182.780457,203.38,355.0,106.02
2024-01-02T09:30:18.500000,MSFT,373.237101,373.199777,373.274425,105.73,123.03,61.57
2024-01-02T09:30:18.500000,GOOGL,139.77533,139.761352,139.789308,346.91,336.14,36.14
2024-01-02T09:30:18.600000,AAPL,182.91391,182.895618,182.932201,270.91,105.32,154.36
2024-01-02T09:30:18.600000,MSFT,373.336709,373.299376,373.374043,223.69,138.53,164.42
2024-01-02T09:30:18.600000,GOOGL,139.785092,139.771114,139.799071,126.77,219.64,28.05
2024-01-02T09:30:18.700000,AAPL,182.870191,182.851904,182.888478,282.62,404.52,142.79
2024-01-02T09:30:18.700000,MSFT,373.204139,373.166819,373.24146,228.77,385.32,49.68
2024-01-02T09:30:18.700000,GOOGL,139.788986,139.775008,139.802965,384.48,357.65,82.29
2024-01-02T09:30:18.800000,AAPL,182.837797,182.819513,182.856081,485.52,263.57,22.67
2024-01-02T09:30:18.800000,MSFT,372.890304,372.853015,372.927593,449.85,201.9,100.55
2024-01-02T09:30:18.800000,GOOGL,139.747675,139.733701,139.76165,408.58,211.12,21.95
2024-01-02T09:30:18.900000,AAPL,182.762965,182.744689,182.781242,287.25,444.63,182.16
2024-01-02T09:30:18.900000,MSFT,372.897698,372.860409,372.934988,211.48,207.82,151.04
2024-01-02T09:30:18.900000,GOOGL,139.741076,139.727101,139.75505,285.34,424.71,128.64
2024-01-02T09:30:19,AAPL,182.800269,182.781989,182.818549,82.1,206.54,66.11
2024-01-02T09:30:19,MSFT,372.77085,372.733573,372.808127,427.25,488.51,123.17
2024-01-02T09:30:19,GOOGL,139.790307,139.776328,139.804286,153.27,330.96,104.92
2024-01-02T09:30:19.100000,AAPL,182.796045,182.777766,182.814325,302.83,115.93,132.81
2024-01-02T09:30:19.100000,MSFT,372.796844,372.759564,372.834124,194.88,471.57,17.85
2024-01-02T09:30:19.100000,GOOGL,139.792269,139.77829,139.806248,207.71,245.52,128.85
2024-01-02T09:30:19.200000,AAPL,182.769005,182.750728,182.787282,466.66,406.33,65.2
2024-01-02T09:30:19.200000,MSFT,372.941899,372.904605,372.979194,372.89,251.88,15.77
2024-01-02T09:30:19.200000,GOOGL,139.687507,139.673538,139.701476,290.12,283.42,49.19
2024-01-02T09:30:19.300000,AAPL,182.718132,182.69986,182.736404,285.33,175.64,69.66
2024-01-02T09:30:19.300000,MSFT,372.964167,372.92687,373.001463,293.1,310.74,71.72
2024-01-02T09:30:19.300000,GOOGL,139.702483,139.688512,139.716453,480.04,241.38,156.37
2024-01-02T09:30:19.400000,AAPL,182.690989,182.67272,182.709258,148.44,293.5,79.31
2024-01-02T09:30:19.400000,MSFT,372.970309,372.933012,373.007606,110.56,221.98,119.36
2024-01-02T09:30:19.400000,GOOGL,139.753687,139.739712,139.767662,301.81,223.82,133.32
2024-01-02T09:30:19.500000,AAPL,182.583277,182.565018,182.601535,118.08,279.62,67.6
2024-01-02T09:30:19.500000,MSFT,372.996695,372.959395,373.033994,235.12,152.56,138.79
2024-01-02T09:30:19.500000,GOOGL,139.659052,139.645086,139.673018,214.59,165.8,150.31
2024-01-02T09:30:19.600000,AAPL,182.557153,182.538897,182.575409,175.89,56.96,146.66
2024-01-02T09:30:19.600000,MSFT,372.718861,372.681589,372.756133,479.11,91.21,94.31
2024-01-02T09:30:19.600000,GOOGL,139.694899,139.68093,139.708869,394.4,184.24,53.3
2024-01-02T09:30:19.700000,AAPL,182.435535,182.417291,182.453779,447.74,438.75,164.6
2024-01-02T09:30:19.700000,MSFT,372.540176,372.502922,372.57743,146.09,434.07,81.57
2024-01-02T09:30:19.700000,GOOGL,139.651578,139.637612,139.665543,118.02,81.84,96.72
2024-01-02T09:30:19.800000,AAPL,182.402498,182.384258,182.420738,476.48,229.47,138.7
2024-01-02T09:30:19.800000,MSFT,372.496168,372.458918,372.533417,290.98,140.46,56.07
2024-01-02T09:30:19.800000,GOOGL,139.692795,139.678826,139.706764,498.91,477.28,129.25
2024-01-02T09:30:19.900000,AAPL,182.485915,182.467666,182.504163,276.32,366.25,49.6
2024-01-02T09:30:19.900000,MSFT,372.748704,372.711429,372.785979,197.5,329.76,159.63
2024-01-02T09:30:19.900000,GOOGL,139.681934,139.667966,139.695902,85.37,331.36,22.42
2024-01-02T09:30:20,AAPL,182.504185,182.485935,182.522436,138.49,149.97,156.35
2024-01-02T09:30:20,MSFT,372.733103,372.69583,372.770377,257.71,366.01,40.95
2024-01-02T09:30:20,GOOGL,139.690825,139.676856,139.704794,202.01,452.99,46.31
2024-01-02T09:30:20.100000,AAPL,182.572279,182.554022,182.590537,246.29,129.22,129.45
2024-01-02T09:30:20.100000,MSFT,373.006926,372.969625,373.044227,114.6,459.19,94.86
2024-01-02T09:30:20.100000,GOOGL,139.727459,139.713486,139.741431,244.34,365.93,27.35
2024-01-02T09:30:20.200000,AAPL,182.551941,182.533686,182.570197,316.38,191.57,179.24
2024-01-02T09:30:20.200000,MSFT,372.76044,372.723164,372.797716,343.95,388.14,101.32
2024-01-02T09:30:20.200000,GOOGL,139.723678,139.709705,139.73765,363.46,303.0,141.34
2024-01-02T09:30:20.300000,AAPL,182.551548,182.533292,182.569803,441.26,494.64,138.75
2024-01-02T09:30:20.300000,MSFT,372.72887,372.691597,372.766143,203.13,382.58,25.06
2024-01-02T09:30:20.300000,GOOGL,139.743023,139.729049,139.756998,208.86,103.5,176.96
2024-01-02T09:30:20.400000,AAPL,182.653165,182.634899,182.67143,60.21,315.01,119.05
2024-01-02T09:30:20.400000,MSFT,372.725938,372.688665,372.76321,57.08,175.82,75.18
2024-01-02T09:30:20.400000,GOOGL,139.815036,139.801055,139.829018,479.6,195.0,156.78
2024-01-02T09:30:20.500000,AAPL,182.736632,182.718358,182.754906,326.17,308.54,86.75
2024-01-02T09:30:20.500000,MSFT,372.538462,372.501208,372.575716,242.92,314.24,170.89
2024-01-02T09:30:20.500000,GOOGL,139.908181,139.89419,139.922172,92.86,155.37,161.31
2024-01-02T09:30:20.600000,AAPL,182.813224,182.794942,182.831505,147.98,232.81,176.5
2024-01-02T09:30:20.600000,MSFT,372.591238,372.553979,372.628497,345.86,232.37,172.99
2024-01-02T09:30:20.600000,GOOGL,139.890894,139.876905,139.904883,413.42,127.66,86.73
2024-01-02T09:30:20.700000,AAPL,182.780059,182.761781,182.798337,292.66,298.39,51.95
2024-01-02T09:30:20.700000,MSFT,372.660874,372.623608,372.69814,187.2,496.71,65.99
2024-01-02T09:30:20.700000,GOOGL,139.889752,139.875763,139.903741,239.4,377.51,166.27
2024-01-02T09:30:20.800000,AAPL,182.831911,182.813628,182.850195,205.66,435.85,97.11
2024-01-02T09:30:20.800000,MSFT,372.819283,372.782001,372.856565,486.79,199.18,152.92
2024-01-02T09:30:20.800000,GOOGL,139.923582,139.90959,139.937574,222.47,206.03,36.43
2024-01-02T09:30:20.900000,AAPL,182.93633,182.918036,182.954624,278.36,191.51,133.95
2024-01-02T09:30:20.900000,MSFT,372.788247,372.750968,372.825526,65.88,184.42,195.43
2024-01-02T09:30:20.900000,GOOGL,139.98419,139.970192,139.998189,103.15,311.24,197.87
2024-01-02T09:30:21,AAPL,182.920252,182.90196,182.938544,340.77,440.18,57.02
2024-01-02T09:30:21,MSFT,372.71918,372.681908,372.756452,425.62,309.75,48.18
2024-01-02T09:30:21,GOOGL,139.978513,139.964515,139.992511,315.36,488.72,29.02
2024-01-02T09:30:21.100000,AAPL,183.073182,183.054874,183.091489,498.72,384.79,160.82
2024-01-02T09:30:21.100000,MSFT,372.69491,372.65764,372.732179,298.33,305.16,184.33
2024-01-02T09:30:21.100000,GOOGL,139.942675,139.928681,139.956669,381.85,196.94,80.92
2024-01-02T09:30:21.200000,AAPL,183.136891,183.118577,183.155205,75.15,305.88,43.93
2024-01-02T09:30:21.200000,MSFT,372.657589,372.620323,372.694854,69.36,309.28,77.48
2024-01-02T09:30:21.200000,GOOGL,139.956437,139.942442,139.970433,455.18,438.97,158.73
2024-01-02T09:30:21.300000,AAPL,183.077545,183.059237,183.095853,495.11,116.28,102.26
2024-01-02T09:30:21.300000,MSFT,372.678894,372.641626,372.716162,194.84,425.99,194.75
2024-01-02T09:30:21.300000,GOOGL,139.995658,139.981658,140.009657,239.06,117.75,59.7
2024-01-02T09:30:21.400000,AAPL,183.145895,183.127581,183.16421,245.06,164.87,146.26
2024-01-02T09:30:21.400000,MSFT,372.775369,372.738092,372.812647,182.12,482.69,69.31
2024-01-02T09:30:21.400000,GOOGL,139.989893,139.975894,140.003892,484.46,166.51,82.76
2024-01-02T09:30:21.500000,AAPL,183.141318,183.123004,183.159632,377.08,380.17,91.43
2024-01-02T09:30:21.500000,MSFT,372.736002,372.698728,372.773275,373.72,218.81,18.98
2024-01-02T09:30:21.500000,GOOGL,139.953652,139.939657,139.967648,51.25,349.04,153.28
2024-01-02T09:30:21.600000,AAPL,183.232325,183.214002,183.250649,364.02,338.69,46.63
2024-01-02T09:30:21.600000,MSFT,372.701532,372.664261,372.738802,201.54,361.56,120.12
2024-01-02T09:30:21.600000,GOOGL,139.954991,139.940995,139.968986,87.15,191.44,65.02
2024-01-02T09:30:21.700000,AAPL,183.206974,183.188653,183.225295,469.25,478.55,80.96
2024-01-02T09:30:21.700000,MSFT,372.871303,372.834016,372.908591,281.63,227.86,198.41
2024-01-02T09:30:21.700000,GOOGL,139.880832,139.866844,139.89482,147.84,73.81,144.62
2024-01-02T09:30:21.800000,AAPL,183.211935,183.193614,183.230257,143.64,178.19,21.72
2024-01-02T09:30:21.800000,MSFT,372.574089,372.536832,372.611347,75.93,337.58,112.45
2024-01-02T09:30:21.800000,GOOGL,139.855947,139.841961,139.869932,199.5,190.54,64.3
2024-01-02T09:30:21.900000,AAPL,183.206239,183.187918,183.22456,53.45,293.5,127.36
2024-01-02T09:30:21.900000,MSFT,372.573669,372.536412,372.610927,112.14,176.2,190.65
2024-01-02T09:30:21.900000,GOOGL,139.898477,139.884487,139.912467,151.77,283.28,185.04
2024-01-02T09:30:22,AAPL,183.256033,183.237707,183.274359,437.2,269.0,57.75
2024-01-02T09:30:22,MSFT,372.567427,372.530171,372.604684,72.3,311.8,196.71
2024-01-02T09:30:22,GOOGL,139.861713,139.847727,139.875699,152.74,458.02,116.83
2024-01-02T09:30:22.100000,AAPL,183.353181,183.334845,183.371516,488.75,302.06,91.38
2024-01-02T09:30:22.100000,MSFT,372.540087,372.502833,372.577341,399.33,433.19,97.21
2024-01-02T09:30:22.100000,GOOGL,139.780333,139.766355,139.794311,358.6,395.8,55.66
2024-01-02T09:30:22.200000,AAPL,183.343601,183.325266,183.361935,90.66,263.63,143.71
2024-01-02T09:30:22.200000,MSFT,372.78759,372.750311,372.824868,307.88,245.02,44.81
2024-01-02T09:30:22.200000,GOOGL,139.762953,139.748977,139.77693,94.93,241.5,31.71
2024-01-02T09:30:22.300000,AAPL,183.40854,183.390199,183.426881,182.76,77.45,41.59
2024-01-02T09:30:22.300000,MSFT,372.740588,372.703314,372.777862,214.97,201.44,15.65
2024-01-02T09:30:22.300000,GOOGL,139.770067,139.75609,139.784044,142.26,130.24,70.96
2024-01-02T09:30:22.400000,AAPL,183.456495,183.438149,183.474841,240.52,373.08,199.23
2024-01-02T09:30:22.400000,MSFT,372.82883,372.791547,372.866113,76.36,491.08,36.67
2024-01-02T09:30:22.400000,GOOGL,139.685931,139.671962,139.6999,130.89,87.49,112.82
2024-01-02T09:30:22.500000,AAPL,183.579671,183.561313,183.598029,408.64,222.11,75.64
2024-01-02T09:30:22.500000,MSFT,372.966903,372.929607,373.0042,446.49,83.66,169.43
2024-01-02T09:30:22.500000,GOOGL,139.676518,139.66255,139.690485,118.91,488.76,45.22
2024-01-02T09:30:22.600000,AAPL,183.49053,183.472181,183.50888,252.59,423.26,199.78
2024-01-02T09:30:22.600000,MSFT,373.017857,372.980555,373.055159,198.26,313.02,111.28
2024-01-02T09:30:22.600000,GOOGL,139.5933,139.57934,139.607259,55.19,308.92,76.3
2024-01-02T09:30:22.700000,AAPL,183.447525,183.429181,183.46587,460.44,61.05,176.29
2024-01-02T09:30:22.700000,MSFT,372.882684,372.845396,372.919972,103.53,492.87,85.92
2024-01-02T09:30:22.700000,GOOGL,139.596463,139.582503,139.610423,173.58,155.35,10.71
2024-01-02T09:30:22.800000,AAPL,183.463452,183.445105,183.481798,303.71,306.8,199.44
2024-01-02T09:30:22.800000,MSFT,372.762257,372.724981,372.799533,68.97,70.36,94.5
2024-01-02T09:30:22.800000,GOOGL,139.573194,139.559237,139.587152,113.37,420.42,115.54
2024-01-02T09:30:22.900000,AAPL,183.544501,183.526146,183.562855,485.43,470.0,149.67
2024-01-02T09:30:22.900000,MSFT,372.824763,372.78748,372.862045,252.41,142.8,110.91
2024-01-02T09:30:22.900000,GOOGL,139.600337,139.586377,139.614297,394.05,142.9,18.65
2024-01-02T09:30:23,AAPL,183.537915,183.519561,183.556269,386.89,478.82,39.43
2024-01-02T09:30:23,MSFT,372.972064,372.934767,373.009361,176.99,199.97,56.63
2024-01-02T09:30:23,GOOGL,139.661895,139.647929,139.675861,179.45,67.36,113.67
2024-01-02T09:30:23.100000,AAPL,183.454902,183.436557,183.473248,271.96,67.11,110.47
2024-01-02T09:30:23.100000,MSFT,372.886608,372.84932,372.923897,409.61,249.84,153.83
2024-01-02T09:30:23.100000,GOOGL,139.612102,139.598141,139.626063,307.33,76.71,54.4
2024-01-02T09:30:23.200000,AAPL,183.41585,183.397508,183.434191,435.41,368.78,72.62
2024-01-02T09:30:23.200000,MSFT,372.942777,372.905483,372.980071,221.1,97.79,177.93
2024-01-02T09:30:23.200000,GOOGL,139.667204,139.653237,139.68117,292.37,183.18,57.04
2024-01-02T09:30:23.300000,AAPL,183.495252,183.476903,183.513602,113.34,92.03,49.54
2024-01-02T09:30:23.300000,MSFT,372.869778,372.832491,372.907065,392.45,192.46,77.05
2024-01-02T09:30:23.300000,GOOGL,139.65047,139.636505,139.664435,395.1,133.88,191.04
2024-01-02T09:30:23.400000,AAPL,183.440334,183.42199,183.458678,338.28,407.19,35.08
2024-01-02T09:30:23.400000,MSFT,372.854811,372.817525,372.892096,439.21,222.07,140.18
2024-01-02T09:30:23.400000,GOOGL,139.718882,139.70491,139.732854,204.65,230.45,128.59
2024-01-02T09:30:23.500000,AAPL,183.359754,183.341418,183.37809,319.87,164.25,155.87
2024-01-02T09:30:23.500000,MSFT,372.938862,372.901568,372.976156,131.2,404.58,166.27
2024-01-02T09:30:23.500000,GOOGL,139.699931,139.685961,139.713901,391.6,138.26,109.44
2024-01-02T09:30:23.600000,AAPL,183.337747,183.319413,183.356081,345.39,444.96,19.57
2024-01-02T09:30:23.600000,MSFT,373.207849,373.170529,373.24517,198.27,259.39,106.94
2024-01-02T09:30:23.600000,GOOGL,139.672223,139.658256,139.68619,97.13,275.91,93.98
2024-01-02T09:30:23.700000,AAPL,183.247088,183.228763,183.265412,87.86,283.03,12.93
2024-01-02T09:30:23.700000,MSFT,373.323064,373.285731,373.360396,220.6,95.03,87.97
2024-01-02T09:30:23.700000,GOOGL,139.669031,139.655065,139.682998,358.91,458.71,173.56
2024-01-02T09:30:23.800000,AAPL,183.203203,183.184883,183.221524,76.96,301.59,137.49
2024-01-02T09:30:23.800000,MSFT,373.487637,373.450288,373.524986,243.64,74.59,197.96
2024-01-02T09:30:23.800000,GOOGL,139.722438,139.708465,139.73641,263.83,280.92,164.54
2024-01-02T09:30:23.900000,AAPL,183.232987,183.214664,183.25131,116.22,150.49,185.59
2024-01-02T09:30:23.900000,MSFT,373.492246,373.454897,373.529595,142.2,204.05,19.62
2024-01-02T09:30:23.900000,GOOGL,139.787984,139.774005,139.801963,222.25,53.56,91.27
2024-01-02T09:30:24,AAPL,183.178687,183.160369,183.197005,269.64,351.03,110.94
2024-01-02T09:30:24,MSFT,373.496468,373.459119,373.533818,406.25,139.63,180.73
2024-01-02T09:30:24,GOOGL,139.82582,139.811837,139.839802,251.95,467.82,14.89
2024-01-02T09:30:24.100000,AAPL,183.091591,183.073282,183.109901,420.56,367.98,59.22
2024-01-02T09:30:24.100000,MSFT,373.39429,373.35695,373.431629,61.5,455.72,175.54
2024-01-02T09:30:24.100000,GOOGL,139.815872,139.80189,139.829853,450.11,493.52,40.96
2024-01-02T09:30:24.200000,AAPL,183.155466,183.13715,183.173782,341.97,181.9,153.17
2024-01-02T09:30:24.200000,MSFT,373.489704,373.452355,373.527053,427.02,104.09,39.24
2024-01-02T09:30:24.200000,GOOGL,139.871727,139.85774,139.885714,438.48,339.07,144.22
2024-01-02T09:30:24.300000,AAPL,183.086198,183.067889,183.104507,202.8,122.2,95.79
2024-01-02T09:30:24.300000,MSFT,373.642255,373.604891,373.679619,415.15,179.5,133.11
2024-01-02T09:30:24.300000,GOOGL,139.917167,139.903175,139.931159,264.67,293.95,197.9
2024-01-02T09:30:24.400000,AAPL,183.11027,183.091959,183.128581,220.41,446.0,102.99
2024-01-02T09:30:24.400000,MSFT,373.662378,373.625012,373.699745,214.05,308.02,65.5
2024-01-02T09:30:24.400000,GOOGL,139.900213,139.886223,139.914203,340.46,75.43,169.9
2024-01-02T09:30:24.500000,AAPL,183.110436,183.092125,183.128747,463.23,396.38,104.59
2024-01-02T09:30:24.500000,MSFT,373.640662,373.603298,373.678026,397.0,370.48,83.58
2024-01-02T09:30:24.500000,GOOGL,139.918341,139.904349,139.932333,329.49,486.45,186.49
2024-01-02T09:30:24.600000,AAPL,183.169456,183.151139,183.187773,216.79,476.05,105.42
2024-01-02T09:30:24.600000,MSFT,373.520501,373.483149,373.557853,202.05,113.09,76.15
2024-01-02T09:30:24.600000,GOOGL,139.930859,139.916866,139.944852,192.9,97.81,173.33
2024-01-02T09:30:24.700000,AAPL,183.190422,183.172103,183.208741,284.4,499.13,43.07
2024-01-02T09:30:24.700000,MSFT,373.603841,373.566481,373.641202,331.98,367.4,158.66
2024-01-02T09:30:24.700000,GOOGL,139.902522,139.888532,139.916513,319.84,464.35,46.29
2024-01-02T09:30:24.800000,AAPL,183.148722,183.130407,183.167036,208.17,95.06,35.17
2024-01-02T09:30:24.800000,MSFT,373.683585,373.646217,373.720953,212.45,208.72,117.19
2024-01-02T09:30:24.800000,GOOGL,139.921392,139.9074,139.935384,420.63,301.45,62.89
2024-01-02T09:30:24.900000,AAPL,183.166871,183.148555,183.185188,278.44,409.34,175.77
2024-01-02T09:30:24.900000,MSFT,373.51655,373.479198,373.553901,312.34,244.12,198.27
2024-01-02T09:30:24.900000,GOOGL,139.98343,139.969432,139.997429,134.91,482.38,15.79
2024-01-02T09:30:25,AAPL,183.164387,183.14607,183.182703,254.67,401.32,45.38
2024-01-02T09:30:25,MSFT,373.655502,373.618137,373.692868,495.01,57.36,52.32
2024-01-02T09:30:25,GOOGL,139.906207,139.892217,139.920198,309.61,160.59,25.89
2024-01-02T09:30:25.100000,AAPL,183.13291,183.114597,183.151223,51.12,305.21,59.76
2024-01-02T09:30:25.100000,MSFT,373.478989,373.441641,373.516337,149.26,192.19,179.23
2024-01-02T09:30:25.100000,GOOGL,139.946883,139.932888,139.960878,57.81,460.31,171.86
2024-01-02T09:30:25.200000,AAPL,183.099549,183.081239,183.117858,130.42,210.62,183.6
2024-01-02T09:30:25.200000,MSFT,373.4563,373.418954,373.493645,374.67,452.61,144.03
2024-01-02T09:30:25.200000,GOOGL,139.938827,139.924833,139.95282,282.16,84.02,125.53
2024-01-02T09:30:25.300000,AAPL,183.115044,183.096732,183.133355,131.44,472.4,170.22
2024-01-02T09:30:25.300000,MSFT,373.442122,373.404778,373.479467,336.81,115.3,48.89
2024-01-02T09:30:25.300000,GOOGL,139.950174,139.936179,139.964169,283.49,142.68,28.97
2024-01-02T09:30:25.400000,AAPL,183.20443,183.186109,183.22275,320.12,73.88,31.68
2024-01-02T09:30:25.400000,MSFT,373.534586,373.497233,373.571939,331.5,387.02,155.22
2024-01-02T09:30:25.400000,GOOGL,139.964017,139.95002,139.978013,349.41,375.62,110.89
2024-01-02T09:30:25.500000,AAPL,183.055229,183.036923,183.073534,360.26,271.73,44.2
2024-01-02T09:30:25.500000,MSFT,373.705708,373.668338,373.743079,50.51,482.75,17.56
2024-01-02T09:30:25.500000,GOOGL,139.832145,139.818162,139.846129,313.64,375.84,72.8
2024-01-02T09:30:25.600000,AAPL,183.016626,182.998324,183.034928,363.82,227.29,64.14
2024-01-02T09:30:25.600000,MSFT,373.595902,373.558543,373.633262,270.93,141.98,76.92
2024-01-02T09:30:25.600000,GOOGL,139.817717,139.803735,139.831699,248.91,94.48,78.5
2024-01-02T09:30:25.700000,AAPL,183.045279,183.026975,183.063584,417.48,441.17,192.44
2024-01-02T09:30:25.700000,MSFT,373.56286,373.525503,373.600216,300.42,380.83,192.42
2024-01-02T09:30:25.700000,GOOGL,139.734401,139.720427,139.748374,160.26,172.16,57.35
2024-01-02T09:30:25.800000,AAPL,183.079774,183.061466,183.098082,150.26,448.14,14.27
2024-01-02T09:30:25.800000,MSFT,373.612495,373.575133,373.649856,142.46,245.9,108.35
2024-01-02T09:30:25.800000,GOOGL,139.680804,139.666836,139.694772,188.05,407.21,28.02
2024-01-02T09:30:25.900000,AAPL,183.037867,183.019563,183.05617,177.24,242.23,65.1
2024-01-02T09:30:25.900000,MSFT,373.677141,373.639773,373.714508,290.12,154.9,63.47
2024-01-02T09:30:25.900000,GOOGL,139.623705,139.609743,139.637668,247.22,248.75,95.6
2024-01-02T09:30:26,AAPL,183.05025,183.031945,183.068555,454.92,418.49,16.53
2024-01-02T09:30:26,MSFT,373.848397,373.811012,373.885782,317.37,349.34,122.36
2024-01-02T09:30:26,GOOGL,139.583319,139.56936,139.597277,335.72,228.49,81.37
2024-01-02T09:30:26.100000,AAPL,183.061616,183.04331,183.079922,397.94,469.07,22.35
2024-01-02T09:30:26.100000,MSFT,373.86167,373.824283,373.899056,194.36,134.73,23.96
2024-01-02T09:30:26.100000,GOOGL,139.519688,139.505736,139.53364,165.55,59.14,142.04
2024-01-02T09:30:26.200000,AAPL,183.027089,183.008786,183.045392,347.06,139.91,185.86
2024-01-02T09:30:26.200000,MSFT,373.867106,373.82972,373.904493,442.33,80.36,156.23
2024-01-02T09:30:26.200000,GOOGL,139.519306,139.505354,139.533258,187.42,259.69,138.45
2024-01-02T09:30:26.300000,AAPL,182.967643,182.949346,182.98594,284.42,120.92,65.74
2024-01-02T09:30:26.300000,MSFT,373.855167,373.817782,373.892553,85.41,486.22,174.05
2024-01-02T09:30:26.300000,GOOGL,139.505728,139.491778,139.519679,159.81,239.16,157.18
2024-01-02T09:30:26.400000,AAPL,182.863846,182.845559,182.882132,356.67,148.29,171.91
2024-01-02T09:30:26.400000,MSFT,373.88157,373.844182,373.918959,135.91,428.14,40.16
2024-01-02T09:30:26.400000,GOOGL,139.535823,139.521869,139.549776,381.78,352.09,28.63
2024-01-02T09:30:26.500000,AAPL,182.918738,182.900446,182.937029,78.97,57.39,47.22
2024-01-02T09:30:26.500000,MSFT,373.861004,373.823618,373.89839,413.13,482.54,187.25
2024-01-02T09:30:26.500000,GOOGL,139.518995,139.505043,139.532947,390.38,62.32,146.39
2024-01-02T09:30:26.600000,AAPL,182.840475,182.822191,182.858759,448.13,453.87,18.77
2024-01-02T09:30:26.600000,MSFT,373.767706,373.730329,373.805083,240.86,476.42,192.84
2024-01-02T09:30:26.600000,GOOGL,139.584965,139.571007,139.598924,496.42,369.48,59.07
2024-01-02T09:30:26.700000,AAPL,182.816559,182.798277,182.83484,402.65,313.86,183.0
2024-01-02T09:30:26.700000,MSFT,373.87283,373.835443,373.910218,180.64,449.11,91.5
2024-01-02T09:30:26.700000,GOOGL,139.574441,139.560483,139.588398,105.21,478.52,42.35
2024-01-02T09:30:26.800000,AAPL,182.707042,182.688771,182.725313,407.43,106.52,48.08
2024-01-02T09:30:26.800000,MSFT,373.821548,373.784165,373.85893,222.8,496.39,101.78
2024-01-02T09:30:26.800000,GOOGL,139.604312,139.590352,139.618273,436.25,63.56,25.1
2024-01-02T09:30:26.900000,AAPL,182.666321,182.648055,182.684588,153.31,211.39,91.02
2024-01-02T09:30:26.900000,MSFT,373.968256,373.930859,374.005653,163.76,154.45,182.66
2024-01-02T09:30:26.900000,GOOGL,139.617114,139.603152,139.631076,318.83,313.73,28.44
2024-01-02T09:30:27,AAPL,182.753706,182.735431,182.771981,324.67,276.93,18.49
2024-01-02T09:30:27,MSFT,373.804191,373.76681,373.841571,354.48,209.11,115.3
2024-01-02T09:30:27,GOOGL,139.604089,139.590128,139.618049,131.61,430.8,34.25
2024-01-02T09:30:27.100000,AAPL,182.705061,182.686791,182.723332,160.47,242.87,162.09
2024-01-02T09:30:27.100000,MSFT,373.898613,373.861223,373.936003,152.96,392.66,104.46
2024-01-02T09:30:27.100000,GOOGL,139.610413,139.596451,139.624374,376.37,439.5,160.59
2024-01-02T09:30:27.200000,AAPL,182.648599,182.630335,182.666864,424.09,335.29,75.37
2024-01-02T09:30:27.200000,MSFT,373.836989,373.799605,373.874372,199.6,144.65,59.64
2024-01-02T09:30:27.200000,GOOGL,139.504244,139.490294,139.518195,360.39,187.76,17.14
2024-01-02T09:30:27.300000,AAPL,182.685901,182.667633,182.70417,245.31,338.9,79.79
2024-01-02T09:30:27.300000,MSFT,373.726432,373.68906,373.763805,269.08,373.29,67.12
2024-01-02T09:30:27.300000,GOOGL,139.443906,139.429962,139.457851,79.51,298.85,142.97
2024-01-02T09:30:27.400000,AAPL,182.737695,182.719421,182.755969,233.2,157.15,79.98
2024-01-02T09:30:27.400000,MSFT,373.885434,373.848046,373.922823,253.93,186.64,94.7
2024-01-02T09:30:27.400000,GOOGL,139.446206,139.432261,139.46015,140.35,442.04,42.19
2024-01-02T09:30:27.500000,AAPL,182.648197,182.629932,182.666462,497.52,337.39,87.88
2024-01-02T09:30:27.500000,MSFT,373.993357,373.955957,374.030756,296.83,362.04,166.32
2024-01-02T09:30:27.500000,GOOGL,139.426559,139.412616,139.440501,348.18,185.47,193.6
2024-01-02T09:30:27.600000,AAPL,182.7097,182.691429,182.727971,71.75,380.73,46.97
2024-01-02T09:30:27.600000,MSFT,374.081498,374.04409,374.118906,303.1,222.94,178.28
2024-01-02T09:30:27.600000,GOOGL,139.477023,139.463076,139.490971,309.62,71.49,89.73
2024-01-02T09:30:27.700000,AAPL,182.686049,182.667781,182.704318,142.66,450.35,172.24
2024-01-02T09:30:27.700000,MSFT,374.224642,374.18722,374.262065,195.85,120.57,127.92
2024-01-02T09:30:27.700000,GOOGL,139.407963,139.394022,139.421904,494.56,223.89,10.4
2024-01-02T09:30:27.800000,AAPL,182.655892,182.637626,182.674157,296.81,83.47,89.37
2024-01-02T09:30:27.800000,MSFT,374.177616,374.140198,374.215034,114.56,198.81,62.12
2024-01-02T09:30:27.800000,GOOGL,139.382789,139.368851,139.396727,79.1,414.85,64.41
2024-01-02T09:30:27.900000,AAPL,182.653178,182.634913,182.671443,405.22,163.22,172.33
2024-01-02T09:30:27.900000,MSFT,374.20124,374.16382,374.23866,189.21,366.91,33.91
2024-01-02T09:30:27.900000,GOOGL,139.336102,139.322168,139.350035,247.45,443.33,12.29
2024-01-02T09:30:28,AAPL,182.718631,182.700359,182.736903,235.95,268.5,49.16
2024-01-02T09:30:28,MSFT,374.217967,374.180545,374.255389,405.8,163.86,174.42
2024-01-02T09:30:28,GOOGL,139.341014,139.32708,139.354948,426.98,158.94,87.29
2024-01-02T09:30:28.100000,AAPL,182.686699,182.668431,182.704968,350.26,345.39,91.42
2024-01-02T09:30:28.100000,MSFT,374.156361,374.118945,374.193776,195.56,399.97,144.26
2024-01-02T09:30:28.100000,GOOGL,139.349709,139.335774,139.363644,125.21,66.26,35.45
2024-01-02T09:30:28.200000,AAPL,182.713814,182.695542,182.732085,289.9,94.05,182.66
2024-01-02T09:30:28.200000,MSFT,374.260962,374.223536,374.298388,275.31,392.61,48.45
2024-01-02T09:30:28.200000,GOOGL,139.371626,139.357689,139.385563,331.8,108.81,23.71
2024-01-02T09:30:28.300000,AAPL,182.758398,182.740122,182.776673,159.36,326.87,77.54
2024-01-02T09:30:28.300000,MSFT,374.067272,374.029865,374.104678,175.61,348.82,124.47
2024-01-02T09:30:28.300000,GOOGL,139.390456,139.376517,139.404395,293.23,84.94,98.29
2024-01-02T09:30:28.400000,AAPL,182.772113,182.753836,182.79039,331.82,418.95,151.96
2024-01-02T09:30:28.400000,MSFT,374.013456,373.976054,374.050857,414.87,322.01,32.46
2024-01-02T09:30:28.400000,GOOGL,139.430937,139.416994,139.44488,348.91,421.33,95.73
2024-01-02T09:30:28.500000,AAPL,182.776362,182.758084,182.794639,220.58,477.16,72.98
2024-01-02T09:30:28.500000,MSFT,374.057517,374.020111,374.094923,445.89,152.26,145.45
2024-01-02T09:30:28.500000,GOOGL,139.472887,139.45894,139.486834,397.44,451.48,18.0
2024-01-02T09:30:28.600000,AAPL,182.817903,182.799621,182.836185,370.41,409.1,159.91
2024-01-02T09:30:28.600000,MSFT,373.984087,373.946689,374.021486,287.54,349.32,162.66
2024-01-02T09:30:28.600000,GOOGL,139.402562,139.388622,139.416503,323.03,357.47,47.82
2024-01-02T09:30:28.700000,AAPL,182.827121,182.808838,182.845403,329.03,127.88,34.77
2024-01-02T09:30:28.700000,MSFT,374.012429,373.975028,374.04983,268.81,71.24,163.75
2024-01-02T09:30:28.700000,GOOGL,139.354108,139.340173,139.368044,287.52,364.64,104.56
2024-01-02T09:30:28.800000,AAPL,182.789105,182.770826,182.807384,173.54,203.6,170.28
2024-01-02T09:30:28.800000,MSFT,373.814907,373.777525,373.852288,435.56,206.14,28.5
2024-01-02T09:30:28.800000,GOOGL,139.357825,139.34389,139.371761,94.49,438.06,17.53
2024-01-02T09:30:28.900000,AAPL,182.844486,182.826201,182.86277,301.98,266.71,80.93
2024-01-02T09:30:28.900000,MSFT,373.56495,373.527594,373.602307,98.65,111.14,188.33
2024-01-02T09:30:28.900000,GOOGL,139.368446,139.354509,139.382383,313.01,491.16,166.09
2024-01-02T09:30:29,AAPL,182.789427,182.771148,182.807706,277.86,389.53,57.78
2024-01-02T09:30:29,MSFT,373.661806,373.62444,373.699172,471.29,366.82,180.81
2024-01-02T09:30:29,GOOGL,139.354829,139.340894,139.368765,467.17,141.26,30.66
2024-01-02T09:30:29.100000,AAPL,182.795602,182.777323,182.813882,77.0,158.21,109.11
2024-01-02T09:30:29.100000,MSFT,373.653586,373.616221,373.690951,192.86,143.7,133.64
2024-01-02T09:30:29.100000,GOOGL,139.340516,139.326582,139.35445,357.98,317.16,45.61
2024-01-02T09:30:29.200000,AAPL,182.718119,182.699848,182.736391,59.01,120.41,160.68
2024-01-02T09:30:29.200000,MSFT,373.524655,373.487303,373.562008,203.71,256.79,109.66
2024-01-02T09:30:29.200000,GOOGL,139.338064,139.32413,139.351998,382.41,294.48,24.11
2024-01-02T09:30:29.300000,AAPL,182.689323,182.671055,182.707592,78.81,95.28,32.01
2024-01-02T09:30:29.300000,MSFT,373.486992,373.449643,373.52434,258.41,342.75,22.16
2024-01-02T09:30:29.300000,GOOGL,139.301962,139.288032,139.315892,219.08,451.84,90.59
2024-01-02T09:30:29.400000,AAPL,182.777317,182.759039,182.795594,214.35,69.66,149.95
2024-01-02T09:30:29.400000,MSFT,373.610599,373.573238,373.64796,379.86,367.14,163.89
2024-01-02T09:30:29.400000,GOOGL,139.3193,139.305368,139.333232,343.25,226.65,158.74
2024-01-02T09:30:29.500000,AAPL,182.808766,182.790486,182.827047,231.78,102.5,187.87
2024-01-02T09:30:29.500000,MSFT,373.768008,373.730631,373.805384,416.15,437.18,56.46
2024-01-02T09:30:29.500000,GOOGL,139.239222,139.225298,139.253146,426.41,396.28,103.45
2024-01-02T09:30:29.600000,AAPL,182.811005,182.792724,182.829287,281.29,469.11,42.03
2024-01-02T09:30:29.600000,MSFT,373.650478,373.613113,373.687843,149.94,498.13,93.48
2024-01-02T09:30:29.600000,GOOGL,139.335542,139.321608,139.349475,110.26,110.48,151.73
2024-01-02T09:30:29.700000,AAPL,182.818853,182.800572,182.837135,248.18,444.0,71.32
2024-01-02T09:30:29.700000,MSFT,373.618917,373.581555,373.656279,362.17,418.98,47.93
2024-01-02T09:30:29.700000,GOOGL,139.269934,139.256007,139.283861,353.26,323.04,117.27
2024-01-02T09:30:29.800000,AAPL,182.753167,182.734892,182.771442,284.81,50.83,95.77
2024-01-02T09:30:29.800000,MSFT,373.701181,373.663811,373.738551,297.06,495.09,80.63
2024-01-02T09:30:29.800000,GOOGL,139.210748,139.196827,139.224669,416.26,256.47,172.01
2024-01-02T09:30:29.900000,AAPL,182.702895,182.684624,182.721165,374.78,432.18,22.7
2024-01-02T09:30:29.900000,MSFT,373.874785,373.837397,373.912172,56.23,87.05,136.52
2024-01-02T09:30:29.900000,GOOGL,139.169706,139.155789,139.183623,155.1,469.95,159.74
2024-01-02T09:30:30,AAPL,182.70257,182.6843,182.720841,266.22,456.24,11.04
2024-01-02T09:30:30,MSFT,373.829905,373.792522,373.867288,266.3,82.59,152.91
2024-01-02T09:30:30,GOOGL,139.222023,139.208101,139.235946,211.95,134.58,62.81
2024-01-02T09:30:30.100000,AAPL,182.620337,182.602075,182.638599,118.26,449.31,35.36
2024-01-02T09:30:30.100000,MSFT,373.715951,373.678579,373.753322,104.85,302.65,47.77
2024-01-02T09:30:30.100000,GOOGL,139.232002,139.218079,139.245925,174.27,284.27,131.35
2024-01-02T09:30:30.200000,AAPL,182.613991,182.59573,182.632252,376.11,417.62,109.56
2024-01-02T09:30:30.200000,MSFT,373.518866,373.481514,373.556218,84.72,206.86,46.17
2024-01-02T09:30:30.200000,GOOGL,139.261821,139.247895,139.275747,367.81,127.06,157.25
2024-01-02T09:30:30.300000,AAPL,182.64305,182.624786,182.661314,488.52,479.8,135.3
2024-01-02T09:30:30.300000,MSFT,373.510944,373.473593,373.548295,260.71,238.17,20.52
2024-01-02T09:30:30.300000,GOOGL,139.246758,139.232834,139.260683,225.12,338.94,38.03
2024-01-02T09:30:30.400000,AAPL,182.625395,182.607133,182.643658,457.62,331.26,85.22
2024-01-02T09:30:30.400000,MSFT,373.688305,373.650936,373.725674,121.23,229.5,53.3
2024-01-02T09:30:30.400000,GOOGL,139.305387,139.291456,139.319317,288.64,406.11,80.2
2024-01-02T09:30:30.500000,AAPL,182.673004,182.654737,182.691271,272.29,366.83,197.08
2024-01-02T09:30:30.500000,MSFT,373.685348,373.647979,373.722716,239.53,290.5,35.89
2024-01-02T09:30:30.500000,GOOGL,139.367984,139.354047,139.38192,70.16,220.68,62.77
2024-01-02T09:30:30.600000,AAPL,182.629714,182.611451,182.647977,380.33,422.49,180.61
2024-01-02T09:30:30.600000,MSFT,373.646423,373.609058,373.683788,220.48,128.16,142.65
2024-01-02T09:30:30.600000,GOOGL,139.460151,139.446205,139.474097,361.96,354.16,184.63
2024-01-02T09:30:30.700000,AAPL,182.68506,182.666791,182.703328,446.88,263.97,146.92
2024-01-02T09:30:30.700000,MSFT,373.592592,373.555232,373.629951,61.77,110.42,107.53
2024-01-02T09:30:30.700000,GOOGL,139.496014,139.482064,139.509964,276.08,116.63,29.93
2024-01-02T09:30:30.800000,AAPL,182.606315,182.588055,182.624576,165.74,215.77,116.35
2024-01-02T09:30:30.800000,MSFT,373.568846,373.531489,373.606203,245.32,456.4,74.85
2024-01-02T09:30:30.800000,GOOGL,139.514559,139.500607,139.52851,322.85,457.85,188.75
2024-01-02T09:30:30.900000,AAPL,182.624939,182.606677,182.643202,312.4,363.0,52.22
2024-01-02T09:30:30.900000,MSFT,373.799454,373.762074,373.836834,211.41,61.73,114.32
2024-01-02T09:30:30.900000,GOOGL,139.518793,139.504842,139.532745,294.68,283.99,108.01
2024-01-02T09:30:31,AAPL,182.593411,182.575152,182.611671,98.55,485.54,11.01
2024-01-02T09:30:31,MSFT,373.633792,373.596429,373.671156,135.9,213.2,36.99
2024-01-02T09:30:31,GOOGL,139.585303,139.571345,139.599262,111.27,261.79,147.68
2024-01-02T09:30:31.100000,AAPL,182.651771,182.633506,182.670036,411.58,177.58,48.8
2024-01-02T09:30:31.100000,MSFT,373.750753,373.713378,373.788128,421.74,354.16,43.83
2024-01-02T09:30:31.100000,GOOGL,139.576874,139.562916,139.590832,262.78,206.09,148.88
2024-01-02T09:30:31.200000,AAPL,182.676,182.657733,182.694268,328.86,84.55,184.31
2024-01-02T09:30:31.200000,MSFT,373.644293,373.606929,373.681658,224.26,355.04,17.72
2024-01-02T09:30:31.200000,GOOGL,139.539141,139.525187,139.553095,276.61,298.31,78.54
2024-01-02T09:30:31.300000,AAPL,182.692709,182.674439,182.710978,151.62,409.75,122.05
2024-01-02T09:30:31.300000,MSFT,373.714912,373.677541,373.752284,279.28,388.26,167.3
2024-01-02T09:30:31.300000,GOOGL,139.528501,139.514548,139.542453,464.59,198.05,197.7
2024-01-02T09:30:31.400000,AAPL,182.660239,182.641973,182.678505,119.17,383.98,17.22
2024-01-02T09:30:31.400000,MSFT,373.858039,373.820653,373.895425,118.2,77.79,123.79
2024-01-02T09:30:31.400000,GOOGL,139.579439,139.565481,139.593397,394.55,272.76,65.31
2024-01-02T09:30:31.500000,AAPL,182.676476,182.658208,182.694744,177.06,353.75,178.46
2024-01-02T09:30:31.500000,MSFT,373.719378,373.682006,373.75675,83.84,461.13,68.43
2024-01-02T09:30:31.500000,GOOGL,139.612451,139.598489,139.626412,271.45,393.87,80.39
2024-01-02T09:30:31.600000,AAPL,182.77616,182.757883,182.794438,390.99,443.07,62.5
2024-01-02T09:30:31.600000,MSFT,373.577143,373.539785,373.6145,445.63,125.75,63.99
2024-01-02T09:30:31.600000,GOOGL,139.606077,139.592116,139.620037,277.06,308.0,185.07
2024-01-02T09:30:31.700000,AAPL,182.809463,182.791182,182.827744,96.7,404.79,117.23
2024-01-02T09:30:31.700000,MSFT,373.702687,373.665316,373.740057,204.06,396.59,70.21
2024-01-02T09:30:31.700000,GOOGL,139.671792,139.657825,139.685759,296.8,349.48,199.99
2024-01-02T09:30:31.800000,AAPL,182.692723,182.674454,182.710993,436.39,60.69,190.96
2024-01-02T09:30:31.800000,MSFT,373.658937,373.621571,373.696303,334.78,336.42,42.72
2024-01-02T09:30:31.800000,GOOGL,139.611463,139.597502,139.625425,467.12,215.73,172.21
2024-01-02T09:30:31.900000,AAPL,182.68085,182.662581,182.699118,276.81,467.88,196.48
2024-01-02T09:30:31.900000,MSFT,373.510448,373.473097,373.547799,237.89,407.61,183.74
2024-01-02T09:30:31.900000,GOOGL,139.632914,139.61895,139.646877,167.02,409.63,30.76
2024-01-02T09:30:32,AAPL,182.607919,182.589658,182.62618,108.69,183.42,113.0
2024-01-02T09:30:32,MSFT,373.598698,373.561338,373.636058,371.04,408.61,199.79
2024-01-02T09:30:32,GOOGL,139.650406,139.636441,139.664372,256.75,50.27,157.94
2024-01-02T09:30:32.100000,AAPL,182.5782,182.559942,182.596458,191.01,405.37,18.04
2024-01-02T09:30:32.100000,MSFT,373.780454,373.743076,373.817832,185.6,257.7,136.33
2024-01-02T09:30:32.100000,GOOGL,139.73207,139.718096,139.746043,296.99,455.51,66.24
2024-01-02T09:30:32.200000,AAPL,182.612161,182.5939,182.630422,153.36,369.1,80.78
2024-01-02T09:30:32.200000,MSFT,374.113521,374.07611,374.150933,381.18,311.68,191.39
2024-01-02T09:30:32.200000,GOOGL,139.720813,139.706841,139.734785,86.0,262.54,48.87
2024-01-02T09:30:32.300000,AAPL,182.637899,182.619635,182.656163,184.52,96.34,167.29
2024-01-02T09:30:32.300000,MSFT,374.112275,374.074864,374.149687,151.39,337.6,147.98
2024-01-02T09:30:32.300000,GOOGL,139.736611,139.722637,139.750585,313.96,85.87,87.56
2024-01-02T09:30:32.400000,AAPL,182.731949,182.713676,182.750222,117.07,229.09,89.84
2024-01-02T09:30:32.400000,MSFT,374.022768,373.985366,374.06017,187.91,116.73,169.9
2024-01-02T09:30:32.400000,GOOGL,139.698556,139.684586,139.712526,472.61,339.78,78.5
2024-01-02T09:30:32.500000,AAPL,182.760217,182.741941,182.778493,218.13,104.65,122.92
2024-01-02T09:30:32.500000,MSFT,374.026107,373.988705,374.06351,126.21,136.2,159.28
2024-01-02T09:30:32.500000,GOOGL,139.694446,139.680476,139.708415,349.84,355.39,46.58
2024-01-02T09:30:32.600000,AAPL,182.854386,182.836101,182.872672,350.97,300.23,139.84
2024-01-02T09:30:32.600000,MSFT,373.887435,373.850046,373.924824,457.13,98.7,199.63
2024-01-02T09:30:32.600000,GOOGL,139.687205,139.673236,139.701174,409.35,401.09,163.21
2024-01-02T09:30:32.700000,AAPL,182.874801,182.856514,182.893089,230.98,160.05,195.2
2024-01-02T09:30:32.700000,MSFT,373.825769,373.788387,373.863152,353.92,139.75,106.55
2024-01-02T09:30:32.700000,GOOGL,139.695785,139.681815,139.709755,337.04,124.79,53.91
2024-01-02T09:30:32.800000,AAPL,182.983404,182.965105,183.001702,132.99,446.76,14.86
2024-01-02T09:30:32.800000,MSFT,373.874378,373.83699,373.911765,65.3,73.27,134.64
2024-01-02T09:30:32.800000,GOOGL,139.697366,139.683396,139.711335,155.85,68.99,165.74
2024-01-02T09:30:32.900000,AAPL,182.928768,182.910475,182.947061,189.66,430.1,117.98
2024-01-02T09:30:32.900000,MSFT,373.917193,373.879801,373.954585,52.59,446.65,135.76
2024-01-02T09:30:32.900000,GOOGL,139.718638,139.704667,139.73261,241.44,464.94,60.62
2024-01-02T09:30:33,AAPL,182.948612,182.930317,182.966907,331.95,164.74,85.01
2024-01-02T09:30:33,MSFT,374.090084,374.052675,374.127493,384.82,216.06,41.48
2024-01-02T09:30:33,GOOGL,139.694688,139.680719,139.708658,476.92,478.11,79.59
2024-01-02T09:30:33.100000,AAPL,182.925338,182.907046,182.943631,386.33,446.18,148.58
2024-01-02T09:30:33.100000,MSFT,374.356885,374.319449,374.394321,478.13,82.61,180.79
2024-01-02T09:30:33.100000,GOOGL,139.700322,139.686352,139.714292,312.43,191.14,143.65
2024-01-02T09:30:33.200000,AAPL,182.952988,182.934693,182.971284,76.54,463.37,85.3
2024-01-02T09:30:33.200000,MSFT,374.449912,374.412467,374.487357,287.67,345.94,189.61
2024-01-02T09:30:33.200000,GOOGL,139.678646,139.664678,139.692613,446.97,64.43,170.13
2024-01-02T09:30:33.300000,AAPL,182.997792,182.979492,183.016091,350.51,406.26,117.71
2024-01-02T09:30:33.300000,MSFT,374.335889,374.298456,374.373323,313.34,401.69,147.59
2024-01-02T09:30:33.300000,GOOGL,139.691829,139.67786,139.705798,165.8,400.38,80.29
2024-01-02T09:30:33.400000,AAPL,182.995066,182.976766,183.013365,243.3,431.49,157.79
2024-01-02T09:30:33.400000,MSFT,374.46138,374.423934,374.498827,158.23,151.7,135.58
2024-01-02T09:30:33.400000,GOOGL,139.713068,139.699097,139.727039,84.69,212.82,37.65
2024-01-02T09:30:33.500000,AAPL,183.009604,182.991303,183.027905,447.31,437.86,92.96
2024-01-02T09:30:33.500000,MSFT,374.269441,374.232014,374.306868,458.32,481.52,116.88
2024-01-02T09:30:33.500000,GOOGL,139.663822,139.649856,139.677789,205.42,454.83,15.08
2024-01-02T09:30:33.600000,AAPL,183.061709,183.043403,183.080015,181.58,256.79,91.66
2024-01-02T09:30:33.600000,MSFT,374.343332,374.305897,374.380766,191.3,111.59,125.2
2024-01-02T09:30:33.600000,GOOGL,139.668811,139.654844,139.682778,395.8,463.14,150.94
2024-01-02T09:30:33.700000,AAPL,183.004793,182.986492,183.023093,197.1,96.26,102.56
2024-01-02T09:30:33.700000,MSFT,374.41333,374.375889,374.450771,400.35,485.12,178.61
2024-01-02T09:30:33.700000,GOOGL,139.63639,139.622426,139.650354,442.65,339.75,47.42
2024-01-02T09:30:33.800000,AAPL,183.032206,183.013903,183.05051,295.39,379.32,144.09
2024-01-02T09:30:33.800000,MSFT,374.521755,374.484303,374.559207,111.21,65.61,142.52
2024-01-02T09:30:33.800000,GOOGL,139.585111,139.571153,139.59907,429.41,496.92,177.5
2024-01-02T09:30:33.900000,AAPL,182.96324,182.944944,182.981537,378.91,367.46,117.4
2024-01-02T09:30:33.900000,MSFT,374.167449,374.130032,374.204866,315.31,90.78,179.59
2024-01-02T09:30:33.900000,GOOGL,139.694176,139.680206,139.708145,466.71,101.48,181.77
2024-01-02T09:30:34,AAPL,183.05747,183.039164,183.075776,219.61,159.36,53.39
2024-01-02T09:30:34,MSFT,374.258065,374.220639,374.295491,59.2,103.64,38.91
2024-01-02T09:30:34,GOOGL,139.740762,139.726788,139.754736,293.35,322.91,171.14
2024-01-02T09:30:34.100000,AAPL,182.96299,182.944694,182.981286,120.16,242.92,105.65
2024-01-02T09:30:34.100000,MSFT,374.257515,374.220089,374.29494,194.48,113.76,51.86
2024-01-02T09:30:34.100000,GOOGL,139.731614,139.717641,139.745587,70.15,486.11,137.92
2024-01-02T09:30:34.200000,AAPL,182.933908,182.915615,182.952201,316.96,155.57,119.36
2024-01-02T09:30:34.200000,MSFT,374.060794,374.023388,374.0982,141.32,407.12,129.53
2024-01-02T09:30:34.200000,GOOGL,139.746033,139.732059,139.760008,309.09,455.2,128.88
2024-01-02T09:30:34.300000,AAPL,182.854274,182.835989,182.87256,238.88,457.45,77.76
2024-01-02T09:30:34.300000,MSFT,374.169163,374.131746,374.20658,421.93,151.89,125.98
2024-01-02T09:30:34.300000,GOOGL,139.732635,139.718661,139.746608,184.75,337.27,38.28
2024-01-02T09:30:34.400000,AAPL,182.873344,182.855057,182.891631,300.5,303.7,140.38
2024-01-02T09:30:34.400000,MSFT,374.113022,374.075611,374.150433,308.97,109.24,168.77
2024-01-02T09:30:34.400000,GOOGL,139.683536,139.669568,139.697505,361.3,314.2,22.17
2024-01-02T09:30:34.500000,AAPL,182.870087,182.8518,182.888374,489.7,109.73,198.33
2024-01-02T09:30:34.500000,MSFT,373.996871,373.959471,374.03427,479.66,431.46,99.79
2024-01-02T09:30:34.500000,GOOGL,139.672349,139.658382,139.686316,488.36,109.93,199.3
2024-01-02T09:30:34.600000,AAPL,182.916816,182.898524,182.935108,100.21,311.3,152.53
2024-01-02T09:30:34.600000,MSFT,373.803018,373.765638,373.840398,285.28,284.21,94.4
2024-01-02T09:30:34.600000,GOOGL,139.641092,139.627128,139.655056,487.68,400.87,168.48
2024-01-02T09:30:34.700000,AAPL,182.947544,182.929249,182.965839,247.88,94.19,166.76
2024-01-02T09:30:34.700000,MSFT,373.846952,373.809568,373.884337,413.64,54.53,161.01
2024-01-02T09:30:34.700000,GOOGL,139.619506,139.605544,139.633468,126.95,239.01,106.54
2024-01-02T09:30:34.800000,AAPL,183.029663,183.01136,183.047966,338.52,163.02,136.97
2024-01-02T09:30:34.800000,MSFT,373.900319,373.862929,373.937709,100.21,158.75,45.67
2024-01-02T09:30:34.800000,GOOGL,139.690234,139.676265,139.704203,306.66,74.62,41.45
2024-01-02T09:30:34.900000,AAPL,183.075526,183.057219,183.093834,229.77,351.76,70.07
2024-01-02T09:30:34.900000,MSFT,373.854631,373.817246,373.892017,380.07,463.29,12.58
2024-01-02T09:30:34.900000,GOOGL,139.707785,139.693814,139.721755,411.49,156.34,114.14
2024-01-02T09:30:35,AAPL,183.023061,183.004759,183.041364,337.08,487.65,132.69
2024-01-02T09:30:35,MSFT,373.74934,373.711965,373.786715,403.58,107.75,121.68
2024-01-02T09:30:35,GOOGL,139.716299,139.702327,139.730271,50.37,149.58,30.89
2024-01-02T09:30:35.100000,AAPL,183.000335,182.982035,183.018635,50.88,247.87,92.56
2024-01-02T09:30:35.100000,MSFT,373.848573,373.811188,373.885958,61.08,374.19,154.27
2024-01-02T09:30:35.100000,GOOGL,139.684297,139.670328,139.698265,425.01,317.36,144.29
2024-01-02T09:30:35.200000,AAPL,183.008807,182.990506,183.027108,410.46,467.78,168.26
2024-01-02T09:30:35.200000,MSFT,373.786309,373.748931,373.823688,78.44,132.8,174.33
2024-01-02T09:30:35.200000,GOOGL,139.649639,139.635674,139.663604,300.98,65.45,197.03
2024-01-02T09:30:35.300000,AAPL,183.009569,182.991268,183.02787,448.77,427.69,68.19
2024-01-02T09:30:35.300000,MSFT,373.88696,373.849571,373.924349,235.22,413.41,162.27
2024-01-02T09:30:35.300000,GOOGL,139.604084,139.590123,139.618044,404.13,415.26,59.6
2024-01-02T09:30:35.400000,AAPL,183.082661,183.064352,183.100969,217.12,260.66,139.58
2024-01-02T09:30:35.400000,MSFT,373.827095,373.789712,373.864477,364.5,443.32,90.67
2024-01-02T09:30:35.400000,GOOGL,139.571807,139.557849,139.585764,251.85,280.02,11.05
2024-01-02T09:30:35.500000,AAPL,183.090766,183.072457,183.109075,385.05,422.49,79.37
2024-01-02T09:30:35.500000,MSFT,373.937013,373.89962,373.974407,285.03,414.89,168.26
2024-01-02T09:30:35.500000,GOOGL,139.622438,139.608476,139.636401,392.13,231.93,72.92
2024-01-02T09:30:35.600000,AAPL,183.078571,183.060263,183.096879,145.46,364.24,19.18
2024-01-02T09:30:35.600000,MSFT,373.704429,373.667059,373.7418,436.55,248.86,123.18
2024-01-02T09:30:35.600000,GOOGL,139.595404,139.581444,139.609363,59.77,214.4,57.84
2024-01-02T09:30:35.700000,AAPL,183.086001,183.067692,183.104309,489.41,401.93,145.66
2024-01-02T09:30:35.700000,MSFT,373.738894,373.701521,373.776268,179.1,261.45,101.63
2024-01-02T09:30:35.700000,GOOGL,139.640824,139.62686,139.654788,491.34,162.38,155.38
2024-01-02T09:30:35.800000,AAPL,183.052533,183.034228,183.070838,208.86,389.45,190.33
2024-01-02T09:30:35.800000,MSFT,373.673541,373.636173,373.710908,99.99,240.54,47.45
2024-01-02T09:30:35.800000,GOOGL,139.648566,139.634602,139.662531,248.92,275.64,20.85
2024-01-02T09:30:35.900000,AAPL,183.031267,183.012964,183.049571,67.11,198.3,119.95
2024-01-02T09:30:35.900000,MSFT,373.631725,373.594362,373.669088,169.51,240.92,188.31
2024-01-02T09:30:35.900000,GOOGL,139.581787,139.567829,139.595745,122.23,334.54,155.27
2024-01-02T09:30:36,AAPL,183.02556,183.007257,183.043862,83.93,326.14,80.92
2024-01-02T09:30:36,MSFT,373.563219,373.525863,373.600576,492.83,233.82,140.98
2024-01-02T09:30:36,GOOGL,139.515031,139.50108,139.528983,232.41,272.42,134.99
2024-01-02T09:30:36.100000,AAPL,183.026869,183.008567,183.045172,295.87,281.56,104.62
2024-01-02T09:30:36.100000,MSFT,373.445297,373.407953,373.482642,495.46,113.18,29.03
2024-01-02T09:30:36.100000,GOOGL,139.512478,139.498526,139.526429,139.55,271.89,149.86
2024-01-02T09:30:36.200000,AAPL,183.00623,182.987929,183.02453,365.45,67.07,113.47
2024-01-02T09:30:36.200000,MSFT,373.46477,373.427423,373.502116,115.44,82.05,11.78
2024-01-02T09:30:36.200000,GOOGL,139.528853,139.5149,139.542806,468.14,427.41,155.83
2024-01-02T09:30:36.300000,AAPL,182.943265,182.92497,182.961559,347.77,205.61,198.06
2024-01-02T09:30:36.300000,MSFT,373.61303,373.575669,373.650391,404.35,385.67,71.99
2024-01-02T09:30:36.300000,GOOGL,139.427128,139.413186,139.441071,288.29,272.81,142.41
2024-01-02T09:30:36.400000,AAPL,182.989101,182.970803,183.0074,239.32,270.39,63.81
2024-01-02T09:30:36.400000,MSFT,373.613591,373.57623,373.650953,179.11,163.04,144.11
2024-01-02T09:30:36.400000,GOOGL,139.411152,139.39721,139.425093,151.42,254.67,151.04
2024-01-02T09:30:36.500000,AAPL,182.9491,182.930805,182.967395,172.06,214.36,70.47
2024-01-02T09:30:36.500000,MSFT,373.654951,373.617585,373.692316,66.84,96.08,58.17
2024-01-02T09:30:36.500000,GOOGL,139.384703,139.370764,139.398641,223.23,244.88,90.21
2024-01-02T09:30:36.600000,AAPL,182.876171,182.857883,182.894458,278.08,474.66,128.75
2024-01-02T09:30:36.600000,MSFT,373.655698,373.618332,373.693064,166.63,441.45,149.96
2024-01-02T09:30:36.600000,GOOGL,139.43919,139.425246,139.453133,472.96,455.0,105.42
2024-01-02T09:30:36.700000,AAPL,182.84119,182.822906,182.859474,379.26,242.44,36.3
2024-01-02T09:30:36.700000,MSFT,373.720283,373.682911,373.757655,439.83,383.38,156.4
2024-01-02T09:30:36.700000,GOOGL,139.397582,139.383643,139.411522,350.82,348.98,126.95
2024-01-02T09:30:36.800000,AAPL,182.79218,182.773901,182.810459,222.52,130.28,51.7
2024-01-02T09:30:36.800000,MSFT,373.610983,373.573622,373.648344,316.82,281.27,120.97
2024-01-02T09:30:36.800000,GOOGL,139.401836,139.387896,139.415776,455.72,288.23,168.41
2024-01-02T09:30:36.900000,AAPL,182.824843,182.806561,182.843126,332.37,200.0,122.77
2024-01-02T09:30:36.900000,MSFT,373.644177,373.606813,373.681541,101.6,447.09,30.74
2024-01-02T09:30:36.900000,GOOGL,139.453308,139.439362,139.467253,280.7,249.25,154.34
2024-01-02T09:30:37,AAPL,182.811637,182.793356,182.829918,393.81,433.9,157.48
2024-01-02T09:30:37,MSFT,373.690033,373.652664,373.727402,55.4,156.31,54.03
2024-01-02T09:30:37,GOOGL,139.442132,139.428188,139.456076,409.79,118.29,104.34
2024-01-02T09:30:37.100000,AAPL,182.784131,182.765853,182.80241,114.4,176.31,158.67
2024-01-02T09:30:37.100000,MSFT,373.562522,373.525166,373.599878,405.57,148.5,26.54
2024-01-02T09:30:37.100000,GOOGL,139.440772,139.426828,139.454716,455.1,81.53,35.12
2024-01-02T09:30:37.200000,AAPL,182.670855,182.652587,182.689122,145.23,436.0,118.66
2024-01-02T09:30:37.200000,MSFT,373.481034,373.443686,373.518382,243.89,299.95,183.48
2024-01-02T09:30:37.200000,GOOGL,139.43369,139.419746,139.447633,316.98,210.98,49.27
2024-01-02T09:30:37.300000,AAPL,182.639227,182.620964,182.657491,131.03,298.47,106.86
2024-01-02T09:30:37.300000,MSFT,373.304586,373.267255,373.341916,249.36,94.2,25.15
2024-01-02T09:30:37.300000,GOOGL,139.490891,139.476942,139.50484,375.99,288.99,136.86
2024-01-02T09:30:37.400000,AAPL,182.689862,182.671593,182.708131,160.15,328.52,43.34
2024-01-02T09:30:37.400000,MSFT,373.214745,373.177424,373.252066,257.97,130.95,168.47
2024-01-02T09:30:37.400000,GOOGL,139.538575,139.524622,139.552529,334.86,166.41,197.69
2024-01-02T09:30:37.500000,AAPL,182.65258,182.634315,182.670845,172.13,419.72,36.18
2024-01-02T09:30:37.500000,MSFT,373.352975,373.315639,373.39031,99.83,248.7,32.58
2024-01-02T09:30:37.500000,GOOGL,139.549096,139.535141,139.563051,192.72,273.6,180.72
2024-01-02T09:30:37.600000,AAPL,182.555415,182.53716,182.573671,370.46,433.9,129.12
2024-01-02T09:30:37.600000,MSFT,373.317075,373.279743,373.354407,101.41,295.07,93.99
2024-01-02T09:30:37.600000,GOOGL,139.548663,139.534708,139.562618,218.56,229.1,32.19
2024-01-02T09:30:37.700000,AAPL,182.528545,182.510292,182.546798,487.22,311.76,114.93
2024-01-02T09:30:37.700000,MSFT,373.127219,373.089906,373.164531,199.04,376.43,86.42
2024-01-02T09:30:37.700000,GOOGL,139.549668,139.535713,139.563623,200.51,159.65,43.76
2024-01-02T09:30:37.800000,AAPL,182.451767,182.433522,182.470012,56.59,188.13,63.4
2024-01-02T09:30:37.800000,MSFT,373.057842,373.020536,373.095148,454.68,201.29,155.17
2024-01-02T09:30:37.800000,GOOGL,139.58264,139.568682,139.596598,436.25,401.13,41.09
2024-01-02T09:30:37.900000,AAPL,182.431112,182.412869,182.449355,432.81,178.56,70.64
2024-01-02T09:30:37.900000,MSFT,373.303978,373.266648,373.341309,374.2,473.82,158.34
2024-01-02T09:30:37.900000,GOOGL,139.615306,139.601344,139.629267,420.96,55.19,146.65
2024-01-02T09:30:38,AAPL,182.370035,182.351797,182.388272,195.81,190.17,190.36
2024-01-02T09:30:38,MSFT,373.292542,373.255213,373.329871,158.09,447.24,11.34
2024-01-02T09:30:38,GOOGL,139.632234,139.618271,139.646198,383.02,306.02,16.58
2024-01-02T09:30:38.100000,AAPL,182.365633,182.347397,182.38387,332.11,194.83,72.65
2024-01-02T09:30:38.100000,MSFT,373.218087,373.180765,373.255409,326.16,486.2,41.67
2024-01-02T09:30:38.100000,GOOGL,139.50164,139.48769,139.51559,70.29,377.76,82.75
2024-01-02T09:30:38.200000,AAPL,182.341753,182.323519,182.359987,218.33,179.68,57.73
2024-01-02T09:30:38.200000,MSFT,373.164725,373.127408,373.202041,268.19,90.89,30.18
2024-01-02T09:30:38.200000,GOOGL,139.501821,139.487871,139.515771,88.07,134.5,166.74
2024-01-02T09:30:38.300000,AAPL,182.37384,182.355602,182.392077,111.34,372.93,91.75
2024-01-02T09:30:38.300000,MSFT,373.160765,373.123449,373.198081,444.47,313.0,158.11
2024-01-02T09:30:38.300000,GOOGL,139.562626,139.54867,139.576582,348.1,465.09,168.43
2024-01-02T09:30:38.400000,AAPL,182.393687,182.375448,182.411926,317.68,454.78,103.04
2024-01-02T09:30:38.400000,MSFT,373.120698,373.083386,373.15801,51.03,269.43,83.67
2024-01-02T09:30:38.400000,GOOGL,139.547536,139.533582,139.561491,339.32,469.23,157.58
2024-01-02T09:30:38.500000,AAPL,182.366008,182.347771,182.384244,205.43,464.16,130.87
2024-01-02T09:30:38.500000,MSFT,373.247298,373.209973,373.284622,463.85,134.38,56.46
2024-01-02T09:30:38.500000,GOOGL,139.575733,139.561776,139.589691,400.4,63.37,107.7
2024-01-02T09:30:38.600000,AAPL,182.283184,182.264956,182.301412,308.94,71.89,139.08
2024-01-02T09:30:38.600000,MSFT,373.184277,373.146959,373.221596,427.35,490.5,44.67
2024-01-02T09:30:38.600000,GOOGL,139.49335,139.479401,139.5073,333.66,467.71,195.9
2024-01-02T09:30:38.700000,AAPL,182.276625,182.258397,182.294853,263.32,222.51,160.69
2024-01-02T09:30:38.700000,MSFT,373.246851,373.209526,373.284176,53.88,186.4,13.6
2024-01-02T09:30:38.700000,GOOGL,139.544771,139.530817,139.558726,185.17,350.66,169.71
2024-01-02T09:30:38.800000,AAPL,182.297242,182.279013,182.315472,493.47,341.46,195.53
2024-01-02T09:30:38.800000,MSFT,373.311222,373.273891,373.348553,255.55,497.56,67.17
2024-01-02T09:30:38.800000,GOOGL,139.570821,139.556864,139.584778,396.87,377.45,87.73
2024-01-02T09:30:38.900000,AAPL,182.302875,182.284645,182.321106,124.61,425.58,33.19
2024-01-02T09:30:38.900000,MSFT,373.422472,373.385129,373.459814,365.04,450.85,172.82
2024-01-02T09:30:38.900000,GOOGL,139.517022,139.50307,139.530973,178.89,387.33,166.31
2024-01-02T09:30:39,AAPL,182.378935,182.360697,182.397173,279.01,144.25,112.01
2024-01-02T09:30:39,MSFT,373.363872,373.326535,373.401208,100.53,482.2,160.48
2024-01-02T09:30:39,GOOGL,139.601005,139.587045,139.614965,274.82,123.94,198.36
2024-01-02T09:30:39.100000,AAPL,182.354693,182.336458,182.372929,412.76,232.13,183.59
2024-01-02T09:30:39.100000,MSFT,373.385469,373.34813,373.422807,245.09,343.64,85.72
2024-01-02T09:30:39.100000,GOOGL,139.645551,139.631587,139.659516,157.61,279.33,71.46
2024-01-02T09:30:39.200000,AAPL,182.394085,182.375846,182.412325,332.22,369.32,181.03
2024-01-02T09:30:39.200000,MSFT,373.289905,373.252576,373.327234,206.9,464.87,19.08
2024-01-02T09:30:39.200000,GOOGL,139.685179,139.671211,139.699148,447.41,151.85,195.47
2024-01-02T09:30:39.300000,AAPL,182.440191,182.421947,182.458435,283.0,319.3,84.14
2024-01-02T09:30:39.300000,MSFT,373.175507,373.13819,373.212825,80.59,456.39,23.83
2024-01-02T09:30:39.300000,GOOGL,139.7301,139.716127,139.744073,424.28,490.87,134.51
2024-01-02T09:30:39.400000,AAPL,182.352156,182.333921,182.370391,137.02,397.45,180.48
2024-01-02T09:30:39.400000,MSFT,373.35644,373.319104,373.393775,133.48,209.11,43.41
2024-01-02T09:30:39.400000,GOOGL,139.736156,139.722182,139.750129,311.34,281.02,21.82
